@incollection{Copilot01,
year={2010},
isbn={978-3-642-16611-2},
booktitle={Runtime Verification},
volume={6418},
series={Lecture Notes in Computer Science},
editor={Barringer, Howard and Falcone, Ylies and Finkbeiner, Bernd and Havelund, Klaus and Lee, Insup and Pace, Gordon and Roşu, Grigore and Sokolsky, Oleg and Tillmann, Nikolai},
doi={10.1007/978-3-642-16612-9_26},
title={Copilot: A Hard Real-Time Runtime Monitor},
url={http://dx.doi.org/10.1007/978-3-642-16612-9_26},
publisher={Springer Berlin Heidelberg},
author={Pike, Lee and Goodloe, Alwyn and Morisset, Robin and Niller, Sebastian},
pages={345-359},
language={English}
}

@incollection{Copilot02,
year={2012},
isbn={978-3-642-29859-2},
booktitle={Runtime Verification},
volume={7186},
series={Lecture Notes in Computer Science},
editor={Khurshid, Sarfraz and Sen, Koushik},
doi={10.1007/978-3-642-29860-8_23},
title={Runtime Verification for Ultra-Critical Systems},
url={http://dx.doi.org/10.1007/978-3-642-29860-8_23},
publisher={Springer Berlin Heidelberg},
author={Pike, Lee and Niller, Sebastian and Wegmann, Nis},
pages={310-324},
language={English}
}

@inproceedings{Copilot03,
 author = {Pike, Lee and Wegmann, Nis and Niller, Sebastian and Goodloe, Alwyn},
 title = {Experience Report: A Do-it-yourself High-assurance Compiler},
 booktitle = {Proceedings of the 17th ACM SIGPLAN International Conference on Functional Programming},
 series = {ICFP '12},
 year = {2012},
 isbn = {978-1-4503-1054-3},
 location = {Copenhagen, Denmark},
 pages = {335--340},
 numpages = {6},
 url = {http://doi.acm.org/10.1145/2364527.2364553},
 doi = {10.1145/2364527.2364553},
 acmid = {2364553},
 publisher = {ACM},
 address = {New York, NY, USA},
 keywords = {compiler, embedded domain-specific language, verification},
} 

@article{Copilot04,
year={2013},
issn={1614-5046},
journal={Innovations in Systems and Software Engineering},
volume={9},
number={4},
doi={10.1007/s11334-013-0223-x},
title={Copilot: monitoring embedded systems},
url={http://dx.doi.org/10.1007/s11334-013-0223-x},
publisher={Springer London},
keywords={Runtime verification; Monitoring; Real-time systems; Distributed systems},
author={Pike, Lee and Wegmann, Nis and Niller, Sebastian and Goodloe, Alwyn},
pages={235-255},
language={English}
}

@InProceedings{Copilot07,
  author    = {Lee Pike and Nis Wegmann and Sebastian Niller and Alwyn Goodloe},
  title     = {Copilot: Monitoring Embedded Systems},
  booktitle = {Innovations in Systems and Software Engineering: Special Issue on Software Health Management},
  publisher = {Springer},
  volume    = {9},
  number    = {4},
  year      = {2013},
 pages      = {235-255}
  note      = {Preprint available at \url{http://www.cs.indiana.edu/~lepike/pub_pages/isse.html}},
}
@MISC{Copilot05,
    author = {Lee Pike and Nis Wegmann and Sebastian Niller and Alwyn Goodloe},
    title = {Copilot: Monitoring Embedded Systems Final Report},
    year = {2011}
}


@inproceedings{Copilot06,
 author = {Gill, Andy},
 title = {Type-safe Observable Sharing in Haskell},
 booktitle = {Proceedings of the 2Nd ACM SIGPLAN Symposium on Haskell},
 series = {Haskell '09},
 year = {2009},
 isbn = {978-1-60558-508-6},
 location = {Edinburgh, Scotland},
 pages = {117--128},
 numpages = {12},
 url = {http://doi.acm.org/10.1145/1596638.1596653},
 doi = {10.1145/1596638.1596653},
 acmid = {1596653},
 publisher = {ACM},
 address = {New York, NY, USA},
 keywords = {DSL compilation, observable sharing},
} 

@MISC{SemVerif7,
    author = {Antoine Miné},
    title = {Semantics and Application to Program Verification : Axiomatic semantics},
    year = {2015}
}

@MISC{Copilot08,
    author = {NASA},
    title = {The Copilot Manual},
    year = {2015}
}

@inproceedings{bugC,
 author = {Yang, Xuejun and Chen, Yang and Eide, Eric and Regehr, John},
 title = {Finding and Understanding Bugs in C Compilers},
 booktitle = {Proceedings of the 32Nd ACM SIGPLAN Conference on Programming Language Design and Implementation},
 series = {PLDI '11},
 year = {2011},
 isbn = {978-1-4503-0663-8},
 location = {San Jose, California, USA},
 pages = {283--294},
 numpages = {12},
 url = {http://doi.acm.org/10.1145/1993498.1993532},
 doi = {10.1145/1993498.1993532},
 acmid = {1993532},
 publisher = {ACM},
 address = {New York, NY, USA},
 keywords = {automated testing, compiler defect, compiler testing, random program generation, random testing},
} 


@techreport{MBNMH2010NASA,
 author = {C\'esar Mu{\~{n}}oz and Ricky Butler and Anthony Narkawicz and Jeffrey Maddalon and George Hagen},
 title = {A Criteria Standard for Conflict Resolution: A Vision for Guaranteeing the Safety of Self-Separation in
{N}ext{G}en},
 institution =  "NASA",
 month = "October",
 year  = "2010",
 type  = "Technical Memorandum",
 number = "NASA/TM-2010-216862",
 address = "Langley Research Center, Hampton VA 23681-2199, USA"
}