
@string{cade92 = "Proc. 11th Int. Conf. on Automated Deduction"}
@string{lnai = "Lecture Notes in Artificial Intelligence"}
@string{SV = "Sprin\-ger-Verlag"}

@INPROCEEDINGS{rv11stoller,
  AUTHOR =       "S. D. Stoller and E. Bartocci and J. Seyster and R. Grosu and K. Havelund and S. A. Smolka and E. Zadok",
  TITLE =        "Runtime verification with state estimation",
  BOOKTITLE =    "Proc. of the 2nd International Conference on Runtime Verification (RV'11)",
  YEAR =         "2011",
  MONTH =        "September",
  OPTADDRESS =      "San Fransisco, CA",
  OPTNOTE =         "({\bf Won best paper award})",
}

@InProceedings{BarST-SMT-10,
  author =	 {Clark Barrett and Aaron Stump and Cesare Tinelli},
  title =	 {{The SMT-LIB Standard: Version 2.0}},
  year =	 2010,
  booktitle =	 {Proceedings of the 8th International Workshop on
                  Satisfiability Modulo Theories (Edinburgh, England)},
  editor =	 {A.~Gupta and D.~Kroening},
}


% =================
%  Core background 
%==================


@InProceedings{sampling,
  author =       {S. Fischmeister and Y. Ba},
  title =        {Sampling-based Program Execution Monitoring},
  booktitle = {ACM International conference on Languages, compilers, and tools for embedded
systems ({LCTES})},
  pages =     {133-142},
  year =      {2010},
}

@InProceedings{borzoo,
  author =       {Borzoo Bonakdarpour and Samaneh Navabpour and Sebastian Fischmeister},
  title =        {Sampling-based Runtime Verification},
  booktitle = {17th Intl. Symposium on Formal Methods (FM)},
  OPTpages =     {},
  year =      {2011},
}



@Misc{aeroperu,
  OPTkey =       {},
  author =    {Peter B. Ladkin},
  title =     {News and Comment on the {Aeroperu} B757 Accident; {AeroPeru} {F}light 603, 2 October 1996},
  OPThowpublished = {},
  OPTmonth =     {},
  year =      {2002},
  note =      {Online article RVS-RR-96-16.  Available at \url{http://www.rvs.uni-bielefeld.de/publications/Reports/aeroperu-news.html}},
  OPTannote =    {}
}




@techreport{lustre-intro,
title = {Formal System Development with {L}ustre: Framework and Example},
author = {Jan Mik\'{a}\^{c} and Paul Caspi},
institution = {Verimag Technical Report},
number = {TR-2005-11},
year = {2005},
note = {Available at \url{http://www-verimag.imag.fr/index.php?page=techrep-list&lang=en}}
}



@Misc{atom,
  author =    {Tom Hawkins},
  title =     {Controlling Hybrid Vehicles with {H}askell},
  howpublished = {Presentation.  \emph{Commercial Users of Functional Programming} (CUFP)},
  year =      {2008},
  note =      {Available at \url{http://cufp.galois.com/2008/schedule.html}.}
}

@Misc{micromort,
  author =    {Ron Howard},
  title =     {Life and Death Decisions},
  howpublished = {Presentation. \emph{Stategic Decision and Risk Management}, Stanford Certificate Program},
  month = {September},
  year =      {2006},
  note =      {Downloaded from \url{http://stanford-online.stanford.edu/sdrmda61w/session10b/slides/sld031.htm}.}
}

@INPROCEEDINGS{rushbyss10,
	AUTHOR = {John Rushby},
	TITLE = {Formalism in Safety Cases},
	BOOKTITLE = {Making Systems Safer: 
               Proceedings of the Eighteenth Safety-Critical Systems Symposium},
	YEAR = 2010,
	EDITOR = {Chris Dale and Tom Anderson},
	PUBLISHER = {Springer},
	ADDRESS = {Bristol, UK},
	MONTH = feb,
	PAGES = {3--17},
	NOTE = {Available at \url{http://www.csl.sri.com/users/rushby/papers/sss10.pdf}}
}


% Software and additional documentation available at \url{http://hackage.haskell.org/package/atom}.}
% }

@inproceedings{scheduling, 
  author={Goossens, J. and Richard, P.}, 
  title={Overview of real-time scheduling problems (Invited Paper)}, 
  year={2004}, 
  booktitle={Euro Workshop on Project Management and Scheduling}, 
}
  %note ={Available at \url{http://www.lisi.ensma.fr/ftp/pub/documents/papers/2004/2004-EWPMSIP-Goossens.pdf}},

@inproceedings{mcrypt,
  author    = {L. Pike and M. Shields and J. Matthews},
  title     = {A verifying core for a cryptographic language compiler},
  booktitle = {Proceedings of the 6th Intl. Workshop on the ACL2 Theorem Prover and its Applications},
  year      = {2006},
  pages     = {1--10},
  publisher = {ACM},
}
%  note      = {Available at \url{http://www.cs.indiana.edu/~lepike/pub_pages/acl2.html}}

@article{lamport,
 author = {Lamport, Leslie},
 title = {Time, clocks, and the ordering of events in a distributed system},
 journal = {Communications of the ACM},
 volume = {21},
 number = {7},
 year = {1978},
 pages = {558--565},
 publisher = {ACM}
 }

@inproceedings{copilot,
  author    = {Lee Pike and
               Alwyn Goodloe and
               Robin Morisset and
               Sebastian Niller},
  title     = {Copilot: A Hard Real-Time Runtime Monitor},
  booktitle     = {Runtime Verification (RV)},
  year      = {2010},
  pages     = {345-359},
  publisher = {Springer},
  volume    = {6418}
}

@article{javamop,
 author = {Chen, Feng and d'Amorim, Marcelo and Ro\c{s}u, Grigore},
 title = {Checking and Correcting Behaviors of Java Programs at Runtime with {Java-MOP}},
 journal = {Electronic Notes in Theoretical Computer Science},
 volume = {144},
 issue = {4},
 month = {May},
 year = {2006},
 pages = {3--20},
 publisher = {Elsevier}
} 

@incollection {controller,
   author = {Asarin, Eugene and Maler, Oded and Pnueli, Amir},
   title = {Symbolic controller synthesis for discrete and timed systems},
   booktitle = {Hybrid Systems II},
   series = {LNCS},
   publisher = {Springer},
   pages = {1-20},
   volume = {999},
   year = {1995}
}



@PhdThesis{bauer,
  author =       {Andreas Klaus Bauer},
  title =        {Model-based runtime analysis of distributed reactive systems},
  school =       {Institut f\"{u}r Informatik der Technischen Universit\"{a}t M\"{u}nchen},
  year =         {2006},
  OPTkey =       {},
  OPTtype =      {},
  OPTaddress =   {},
  OPTmonth =     {},
  OPTnote =      {Available at \url{http://deposit.ddb.de/cgi-bin/dokserv?idn=985347074&dok_var=d1&dok_ext=pdf&filename=985347074.pdf}},
  OPTannote =    {}
}

@inproceedings{syncraft,
 author = {Bonakdarpour, Borzoo and Kulkarni, Sandeep S.},
 title = {{SYCRAFT}: A Tool for Synthesizing Distributed Fault-Tolerant Programs},
 booktitle = {International Conference on Concurrency Theory (CONCUR '08)},
 year = {2008},
 pages = {167--171},
 publisher = {Springer}
} 

@inproceedings{sandeep,
 author = {Bonakdarpour, Borzoo and Kulkarni, Sandeep S},
 title = {Incremental synthesis of fault-tolerant real-time programs},
 booktitle = {Proceedings of the 8th international conference on stabilization, safety, and security of distributed systems (SSS'06)},
 year = {2006},
 pages = {122--136},
 numpages = {15},
 publisher = {Springer-Verlag}
} 

@TechReport{rushby-possibly,
  author =       {Bev Littlewood and John Rushby},
  title =        {Reasoning about the Reliability Of Diverse Two-Channel Systems In which One Channel is "Possibly Perfect"},
  institution =  {SRI},
  year =         {2010},
  OPTkey =       {},
  type =      {Technical Report},
  number =    {SRI-CSL-09-02},
  OPTaddress =   {},
  month =     {January},
  OPTnote =      {Available at \url{http://www.csl.sri.com/users/rushby/abstracts/csl-09-02}},
  OPTannote =    {}
}

@Misc{DO178B,
  author =       {RTCA},
  howpublished =       {RTCA, Inc.},
  title =        {Software Considerations in Airborne Systems and Equipment Certification},
 note = {RCTA/DO-178B},
  year =         {1992}
  }

@Misc{ARINC653-10,
  author =       {{Aeronautical Radio}},
  howpublished =       {ARINC, Inc.},
  title =        {Avionics Application Software Standard Interface: {ARINC} Specification 653P1-3},
 note = {{ARINC} 653 Part 1},
  year =         {2010}
  }
@Misc{ARINC653-12,
  author =       {{Aeronautical Radio}},
  howpublished =       {ARINC, Inc.},
  title =        {Avionics Application Software Standard Interface: {ARINC} Specification 653P2-2 Extended Services},
 note = {{ARINC} 653 Part 2},
  year =         {2012}
  }

@Misc{DO254,
  key =       {RTCA},
  howpublished =       {RTCA, Inc.},
  title =        {Design Assurance Guidelines for Airborne Electronic Hardware},
 note = {{RCTA/DO254}},
  year =         {2000}
  }

@techreport{bigfaa,
    AUTHOR = {John Rushby},
    TITLE = {Formal Methods and Digital Systems Validation for Airborne Systems},
    INSTITUTION = {{NASA}},
    YEAR = {1993},
    NUMBER = {CR--4551},
    MONTH = {{December}}
}



@Book{MannaP,
  author = 	 {Z. Manna and A. Pnueli},
  title = 	 {The Temporal Logic of Reactive and Concurrent Systems},
  publisher = 	 {Springer Verlag},
  year = 	 {1992}
}


% ====================
% Esterel
% ====================


@Article{BerryG92,
  author = 	 {G. Berry and G. Gonthier},
  title = 	 {The Eserel Synchronous Programming Language: Design, Semantics, and Implementation},
  journal = 	 {The Science of Computer Programming},
  year = 	 {1992},
  volume  =       {19},
  number = 	 {2},
  pages = 	 {87--152}
}

% =====================
% Lustre
% =====================



@Misc{LustreComp,
  OPTkey = 	 {},
  OPTauthor = 	 {},
  OPTtitle = 	 {Lustre V6 Compiler},
  OPThowpublished = {},
  OPTmonth = 	 {},
  OPTyear = 	 {},
  OPTnote = 	 {http://www-verimag.imag.fr/Lustre-V6.html},
  OPTannote = 	 {}
}

@Article{BenvenisteCHGS02,
  author = 	 {A. Benveniste and P. Caspi and S. Edwards and N. Halbwachs and P. Le~Guernic and R. de~Simone},
  title = 	 {The Synchronous Languages Twelve Years Later},
  journal = 	 {Proceedings of the IEEE},
  year = 	 {2002},
  volume = 	 {91},
  number = 	 {1},
  pages = 	 {64--83}
}

@InProceedings{CaspiPHP87,
  author = 	 {P. Caspi and D. Pialiud and N. Halbwachs and J. Plaice},
  title = 	 {{LUSTRE}: a Declratative Language for Programming Synchronous Systems},
  booktitle = {14th Symposium on Principles of Programming Languages},
  pages = 	 {178-188},
   year = 	 {1987}
}

 
 @InProceedings{HalbwachsRR991,
  author = 	 {N.Halbwachs and P Raymond and C. Ratel},
  title = 	 {Generating Efficient Code from Data-Flow Programs},
  booktitle = {Third International Symposium on Programming Language Implementation and Logic Programming },
  OPTpages = 	 {},
  year = 	 {1991}
}


@INPROCEEDINGS{Halbwachs93,
    author = {N. Halbwachs and F. Lagnier and P. Raymond},
    title = {Synchronous Observers and the Verification of Reactive Systems},
    booktitle = {Third Innternational Conference on Algebraic Methodology and Software Technology},
    year = {1993},
    pages = {83--96},
    publisher = {Springer Verlag}
}



General Overview
%--------------------------------------------------------

@INBOOK{ColinM05,
AUTHOR =       {Severine Colin and Leonardo Mariani},
TITLE =        {Model-based Testing of Reactive Systems},
CHAPTER =      {Run-time Verification},
pages =        {525-556},
PUBLISHER =    {Springer Verlag},
YEAR =         {2005},
volume =       {3472},
series =       {LNCS},
}
%editor =       {Manfred Broy and Bengt Jonsson and Joost-Pieter Katoen and Martin Leucker and Alexander Pretschner},



@Article{DelgadoGR04,
  author = 	 {N. Delgado and A. Gates and S. Roach},
  title = 	 {A Taxonomy and Catalog of Runtime Monitoring Tools},
  journal = 	 {IEEE Transactions of Software Engineering},
  year = 	 {2004},
  volume = 	 {30},
  number = 	 {12},
  pages = 	 {859--872}
}

@Article{Schroeder95,
  author = 	 {B. Schroeder},
  title = 	 {On-Line Monitoring: A Tutorial},
  journal = 	 {IEEE Computer},
  year = 	 {1995},
  volume = 	 {28},
  number = 	 {6},
  pages = 	 {72--78}
}


%-------------------------
% Penn work on MAC
%-------------------------


@InProceedings{KimVBKLS99,
  author = 	 {M. Kim and M. Viswanathan and H. Ben-Abdallah and S. Kannan and I. Lee
    and O. Sokolsky},
  title = 	 {Formally specified monitoring of temporal properties},
    booktitle = {11th Euromicro Conference on Real-Time Systems},
  pages = 	 {114--122},
  year = 	 {1999},
  }

@InProceedings{LeeKSV99,
  author = 	 {M. Kim and O. Sokolsky and M. Viswanathan},
  title = 	 {Runtime assurance based on formal specifications},
  booktitle = {International Conference
    on Parallel and Distributed Processing Techniques and Applications},
  pages = 	 {279--287},
  year = 	 {1999} 
 }


@Article{KimLKS04,
  author = 	 { M. Kim and I. Lee and S. Kannan  and O. Sokolsky},
  title = 	 {{Java-MaC}: a Run-time Assurance Tool for {J}ava},
  journal = 	 {Formal Methods in System Design},
  year = 	 {2004},
    volume = 	 {24},
  number = 	 {1},
  pages = 	 {129--155}
}


@InProceedings{KimLSSS02,
  author = 	 {M. Kim and I. Lee and U. Sammapun and J. Shin and O. Sokolsky},
  title = 	 {Monitoring, Checking, and Steering of Real-Time Systems},
  series = 	 {ENTCS},
  year = 	 {2002},
  volume = 	 {70},
  number = 	 {4},
  booktitle = 	 {Proceedings of the 2nd Intl. Conf. on Runtime Verification}
}

@Article{SokolskySLK05,
  author = 	 {O. Sokolsky and U. Sammapun and I. Lee and J. Kim},
  title = 	 {Run-Time Checking of Dynamic Properties},
  series = 	 {ENTCS},
  year = 	 {2005},
  volume = 	 {144},
  number = 	 {4},
  pages = 	 {91--108},
  booktitle = 	 {Proceedings of the 5th Intl. Conf. on Runtime Verification}
 }



@Misc{cmac,
  author = 	 {O. Sokolsky},
  title = 	 {{C MaC}},
  howpublished = {Available from University of Pennsylvania Real-Time Systems Gorup},
  note = 	 {\url{rtg.cis.upenn.edu}}
  
}

%--------------------------------------------------------------------
% Rosu  general and MOP
%-------------------------------------------------------------------

@inproceedings{havelundc,
  author    = {Klaus Havelund},
  title     = {Runtime Verification of {C} Programs},
  booktitle = {Testing of Software and Communicating Systems (TestCom/FATES)},
  year      = {2008},
  publisher = {Springer},
  pages     = {7--22}
}

@Article{HavelundR04A,
  author = 	 {K. Havelund and G. Ro\c{s}u},
  title = 	 {An Overview of the Runtime Verification Tool {J}ava {P}ath{E}xplorer},
  journal = 	 {Formal Methods in System Design},
  year = 	 {2004},
  volume = 	 {24},
  number = 	 {2},
  pages = 	 {189--215}
}

@Article{HavelundR04B,
  author = 	 {K. Havelund and G. Ro\c{s}u},
  title = 	 {Efficient Monitoring of Safety Properties},
  journal = 	 {International Journal on Software Tools for  Technology Transfer },
  year = 	 {2004},
    volume = 	 {6},
  number = 	 {2},
  Tpages = 	 {158--173}
}



@inproceedings{ChenR05,
author={F. Chen and G. Ro\c{s}u},
title={{Java-MOP:} A Monitoring Oriented Programming Environment for {Java}},
booktitle={11th Intl. Conf. on Tools and Algorithms for the construction and analysis of systems ({TACAS'05})},
publisher={Springer},
series={LNCS},
volume={3440},
pages= {546-550},
year={2005}
}


@Misc{framac,
  key =       {Frama-C webpage},
  OPTauthor =    {{CEA~LIST} and {INRIA-Saclay} (developin},
  title =     {{Frama-C}},
  OPThowpublished = {Webpage},
  OPTmonth =     {},
  OPTyear =      {Accessed 2010},
  note =      {Accessed August, 2010.  \url{http://frama-c.com/index.html}},
  OPTannote =    {}
}

@InProceedings{ChenAR04,
  author = 	 {F. Chen and M. D'Amorim and G. Ro\c{s}u},
  title = 	 {A Formal Monitoring-Base Framewrok for Software Development Analysis},
  booktitle = {Proceedings of the 6th International Conference on Formal Engineering Methods (ICFEM'04)},
  pages = 	 {357--373},
  year = 	 {2004},
  OPTnumber = 	 {3308},
  series = 	 {LNCS},
  publisher = {Springer}
  }


@InProceedings{ChenR07,
  author = 	 {F. Chen and G. Ro\c{s}u},
  title = 	 {{MOP:} An Efficient and Generic Runtime Verification Framework},
    booktitle = {Object Oriented Programming, Systems, Languages, and Applications},
  pages = 	 {569--588},
  year = 	 {2007}
}

%-------------------------------------------------------
% Rosu Generating Monitors
%-------------------------------------------------------
@InProceedings{HavelundR02,
    author = {K. Havelund and G. Ro\c{s}u},
    title = {Synthesizing Monitors for Safety Properties},
    booktitle = {Tools and Algorithms for Construction and Analysis of Systems},
    pages = {342-356},
    year = {2002}
}



@InProceedings{RosuCB08,
  author = 	 {G. Rosu and F. Chen and T. Ball},
  title = 	 {Synthesizing Monitors for Safety Properties -- This Time With Calls and Returns},
  booktitle = {{RV}'08: Proceedings of Runtime Verification},
  year = 	 {2008},
  note = 	 {To Appear},
  
}

%-------------------------------------------------------
% Rosu Distributed.
%-------------------------------------------------------


@InProceedings{SenVAR04,
  author = 	 {K. Sen and A. Vardhan and G. Agha and G. Rosu},
  title = 	 {Efficient Decentralized Monitoring of Safety in  Distributed Systems},
  booktitle = {{ICSE}'04: Proceedings of 6th International Conference on Software Engineering},
  pages = 	 {418--427},
  year = 	 {2004}
}




% ------------------------------------
% RT 
%-------------------------------------

@InProceedings{PellizzoniCR08A,
  author = 	 {R. Pellizzoni and P. Meredith and M. Caccamo and G. Rosu },
  title = 	 {Hardware Runtime Monitoring for Dependable COTS-based
Real-Time Embedded Systems},
  booktitle = {{RTSS}'08: Proceedings of the 29th IEEE Real-Time System Symposium},
  pages = 	 {481--491},
  year = 	 {2008}
}

@inproceedings{PellizzoniCR08B,
 author = {Pellizzoni,, Rodolfo and Meredith,, Patrick and Caccamo,, Marco and Ro\c{s}u,, Grigore},
 title = {Hardware Runtime Monitoring for Dependable {COTS}-Based Real-Time Embedded Systems},
 booktitle = {RTSS '08: Proceedings of the 2008 Real-Time Systems Symposium},
 year = {2008},
pages = {481--491},
publisher = {IEEE Computer Society},
 address = {Washington, DC, USA},
 }



%---------------------
%
%---------------------

@INPROCEEDINGS{Rushby09:SEFM,
	AUTHOR = {John Rushby},
	TITLE = {Software Verification and System Assurance},
	BOOKTITLE = {Intl. Conf. on Software Engineering and Formal Methods ({SEFM})},
	OPTEDITOR = {Dang Van Hung and Padmanabhan Krishnan},
	OPTADDRESS = {Hanoi, Vietnam},
	ORGANIZATION = {IEEE},
	PAGES = {3--10},
	MONTH = nov,
	YEAR = 2009
}



@InProceedings{BarringerGHS04,
  author = 	 {H. Barringer and  A. Goldberg  and K. Havelund and  K. Sen},
  title = 	 {Rule-Based Runtime Verification},
  booktitle = 	 {Verification, Model Checking, and Abstract Interpretation (VMCI)},
  year = 	 {2004},
  series = {LNCS},
  number = 	 {2937},
  publisher = {Springer-Verlag}
  }

@InProceedings{BarringerRH07,
  author = 	 {H. Barringer and D. Rydeheard and K.  Havelund},
  title = 	 {Rule systems for run-time monitoring: From Eagle to Ruler},
 booktitle = { {RV}07: Proceedings of Runtime Verification  2007},
 pages = 	 {111--125},
 year = 	 {2007},
 number = 	 {4839},
  series = 	 {LNCS},
  publisher = {Springer-Verlag}
}



%======================= 
% Monitoring C programs
% ======================
@InProceedings{Havelund08,
  author = 	 {K. Havelund},
  title = 	 {Runtime Verification of {C} Programs},
  booktitle = {{T}est{C}om/{FATES}},
  OPTpages = 	 {},
  year = 	 {2008},
  number = 	 {5047},
  series = 	 {LNCS},
  publisher = {Springer-Verlag}
}


---------------------
% Real-Time
% ------------------------------------
@inproceedings{SavorS97,
    author = {T. Savor and R. Seviora},
    title = {An Approach to Automatic Detection of Software Failures in Real-Time Systems},
    booktitle = {IEEE Real-Time Technology and Applications  Symposium},
    pages = {136--147},
    year = {1997}
   }

@inproceedings{mokL97,
    author = {A. Mok and G. Liu},
    title = {Efficient Run-Time Monitoring of Timing Constraints},
    booktitle = {IEEE Real-Time Technology and Applications Symposium},
    pages = {252--262},
    year = {1997}
   }



%-------------------------
% Monitoring metric and other temporal logics 
% ------------------------


@InProceedings{AlurH90,
  author = 	 {R. Alur and T. Henzinger},
  title = 	 {Real time logics: complexity and expressiveness},
  booktitle = {Fifth Annual Symposium on Logic in Computer Science},
  pages = 	 {390-401},
  year = 	 {1990},
  publisher = {IEEE Computer Society Press}
}



@InProceedings{AlurH92,
  author = 	 {R. Alur and T. Henzinger},
  title = 	 {Logics and Models of Real Time: A Survey},
  booktitle = {Real Time Theory and Practice},
  OPTpages  = {},
  year = 	 {1992},
  volume = 	 {LNCS},
  publisher = {Springer-Verlag}
  
}

@InProceedings{BasinKMP08,
  author = 	 {D. Basin and F. Klaedtke and S. Muller and B. Pfitzmann},
  title = 	 {Runtime Monitoring of Metric First-Order Temporal Properties},
  booktitle = {Foundations of Software Technology and Theoretical Computer Science},
  pages = 	 {49--60},
  year = 	 {2008},
  editor = 	 {R. Hariharan and M. Mukund and V. Vinay},
  series = 	 {Leibniz International Proceedings in Informatics},
  publisher = {Internationales Begegnungs- und Forschungszentrum fuer Informatik (IBFI), Schloss Dagstuhl, Germany.}

}

@Article{simplex,
  author = {Lui Sha},
  title = {Using Simplicity to Control Complexity},
  journal = {IEEE Software},
  month = {July/August},
  year = {2001},
  publisher = {IEEE},
  pages = {20--28},
}

@Article{Drusinky06,
  author = 	 {D, Drusinsky},
  title = 	 {On-line Monitoring of Metric Temporal Logic wit Time-Series Constraints Using Alternating Finite Automata},
  journal = 	 {Journal of Universal Computer Science},
  year = 	 {2006},
  volume = 	 {12},
  number = 	 {5},
  pages = 	 {482--498}
  
}



@Article{ThatiR05,
  author = 	 {P. Thati and G. Ro\c{s}u},
  title = 	 {Monitoring Algorithms for Metric Temporal Logic Specifications},
  journal = 	 {Electronic Notes Theoretical Computer Science},
  year = 	 {2004},
  volume = 	 {113}
}

@InProceedings{MalerNP05,
  author = 	 {O. Maler and D. Nickovic and A. Pnueli},
  title = 	 {Real Time Temporal Logic: Past, Present, Future},
  booktitle = {Formal Modeling and Analysis of Timed Systems},
  pages = 	 {2--16},
  year = 	 {2005},
  volume = 	 {LNCS},
  publisher = {Springer-Verlag}

}


@InProceedings{ColomboPS09,
  author = 	 {C. Colombo and G. Pace and G. Schneider},
  title = 	 {Dynamic Event-Based Runtime Monitoring of  Real-Time and Contextual Properties},
  Tbooktitle = {Runtime Verification 2009},
  pages = 	 {135--149},
  year = 	 {2009},
  volume = 	 {LNCS},
   publisher = {Springer-Verlag}

}




% =========
% LOLA paper
%============
@InProceedings{lola,

  author = {B. D'Angelo and S. Sankaranarayanan and C. Sánchez and W. Robinson and  Zohar Manna 
           and B. Finkbeiner and H. Spima and S. Mehrotra},
    title = {{LOLA}: Runtime Monitoring of Synchronous Systems},
  booktitle = {12th International Symposium on Temporal Representation and Reasoning},
  pages = 	 {166-174},
  year = 	 {2005},
  publisher = {IEEE}

}
% ====================
%This si duplicated. Replace reference w/ existing reference.
% ====================

@article{ptltl,
 author = {Havelund, Klaus and Ro\c{s}u, Grigore},
 title = {Efficient monitoring of safety properties},
 journal = {Int. J. Softw. Tools Technol. Transf.},
 volume = {6},
 number = {2},
 year = {2004},
 issn = {1433-2779},
 pages = {158--173},
 doi = {http://dx.doi.org/10.1007/s10009-003-0117-6},
 publisher = {Springer-Verlag},
 address = {Berlin, Heidelberg},
 }




@Misc{pitot,
  key =       {Aviation},
  author =    {{Aviation Today}},
  title =     {More Pitot Tube Incidents Revealed},
  howpublished = {Aviation Today},
  month =     {February},
  year =      {2011},
  note =      {Available at \url{http://www.aviationtoday.com/regions/usa/More-Pitot-Tube-Incidents-Revealed_72414.html}},
  OPTannote =    {}
}

@Misc{RTJava,
  OPTkey = 	 {},
  author = 	 {TimeSys Corporation},
  title = 	 {JSR-000282 Real-Time Specification for {J}ava 1.1},
  OPThowpublished = {},
  OPTmonth = 	 {},
  OPTyear = 	 {},
  OPTnote = 	 {},
  OPTannote = 	 {}
}

% ----------------------------------
%
% ----------------------------------




@Misc{ATSB08A,
   key = {ATSB},
   author = {{Australian Government}},
   title = 	 {In-Flight Upset 154 {K}m {W}est of {L}earmonth 7 {O}ctober 2008 {VH-QPA} {A}irbus {A330-303}},
  howpublished =  {Australian Transport Safety Bureau Aviation Occurrence Investigation AO-2008-70},
  OPTmonth = 	 {},
  note = {Available at \url{http://www.atsb.gov.au/publications/investigation_reports/2008/AAIR/aair200806143.aspx}},
  year = 	 "2008"
}

@Article{BhargavanCMG01,
  author = 	 {K. Bhargavan and S. Chandra and P. McCann and C.A. Gunter},
  title = 	 {What Packets May Come: Automata for Network Monitoring},
  journal = 	 {SIGPLAN Notices},
  year = 	 {2001},
  volume = 	 {35},
  number = 	 {3},
  pages = 	 {209--219}
}

@INPROCEEDINGS{qc,
    author = {Koen Claessen and John Hughes},
    title = {QuickCheck: A Lightweight Tool for Random Testing of Haskell Programs},
    booktitle = {ACM SIGPLAN Notices},
    year = {2000},
    pages = {268--279},
    publisher = {ACM}
}

@inproceedings{lustre,
author = {N. Halbwachs and P. Raymond},
title = {Validation of Synchronous Reactive Systems: from Formal Verification to Automatic Testing},
booktitle = {ASIAN'99, Asian Computing Science Conference},
publisher={LNCS 1742, Springer},
year = {1999},
month = {December}
}

@Article{BhargavanG02,
  author = 	 { K. Bhargavan and C. A. Gunter},
  title = 	 {Requirement for a Practical Network Event Recognation Language},
  journal = 	 {Electronic Notes in Theoretical Computer Science},
  year = 	 {2002},
  volume = 	 {70},
  number = 	 {4},
  pages = 	 {1--20}
}

@inproceedings{DSLExtract,
  author = {Andy Gill},
  title = {Type-Safe Observable Sharing in {H}askell},
  booktitle = {Proceedings of the 2009 {ACM} {SIGPLAN} {H}askell Symposium},
  year = {2009},
  month = {September}
}

@Misc{mdm08A,
  author = {Chris Bergin},
 title =        "{STS}-126: Super Smooth Endeavor Easing Through the Countdown to {L}-1",
  note =          {Available at \url{http://www.nasaspaceflight.com/2008/11/sts-126-endeavour-easing-through-countdown/}. (Downloaded {Feb} 3, 2009)},
  howpublished = {{NASA} Spaceflight.com},
  month =        {{November 13}},
  year =         {2008}
 }

@inproceedings{mjrty,
  author    = {Robert S. Boyer and
               J. Strother Moore},
  title     = {MJRTY: A Fast Majority Vote Algorithm},
  booktitle = {Automated Reasoning: Essays in Honor of Woody Bledsoe},
  year      = {1991},
  pages     = {105-118}
}

@INPROCEEDINGS{Rushby01:buscompare,
	AUTHOR = {John Rushby},
	TITLE = {Bus Architectures For Safety-Critical Embedded Systems},
	BOOKTITLE = {Workshop on Embedded Software ({EMSOFT})},
	YEAR = 2001,
	OPTEDITOR = {Tom Henzinger and Christoph Kirsch},
	PUBLISHER = {Springer},
	OPTADDRESS = {Lake Tahoe, CA},
	MONTH = {October},
	SERIES = {LNCS},
	OPTVOLUME = 2211,
	PAGES = {306--323}
}

@inproceedings{Tha88:RDSS,
  author    = {Philip M. Thambidurai and
               You-Keun Park},
  title     = {Interactive Consistency with Multiple Failure Modes},
  booktitle = {Proceedings of the Seventh Symposium on Reliable Distributed Systems},
  year      = {1988},
  pages     = {93--100}
}

@ARTICLE{ssa,
    author = {Ron Cytron and Jeanne Ferrante and Barry K. Rosen and Mark N. Wegman and F. Kenneth Zadeck},
    title = {Efficiently computing static single assignment form and the control dependence graph},
    journal = {ACM Transactions on Programming Languages and Systems},
    year = {1991},
    volume = {13},
    pages = {451--490}
}


@inproceedings{latron,
 author = {Latronico, Elizabeth},
 title = {Design Time Reliability Analysis of Distributed Fault Tolerance Algorithms},
 booktitle = {Proceedings of the 2005 International Conference on Dependable Systems and Networks},
 year = {2005},
 pages = {486--495},
 publisher = {IEEE}
} 

@TechReport{monitors,
  author =       {Alwyn Goodloe and Lee Pike},
  title =        {Monitoring Distributed Real-Time Systems: A Survey and Future Directions},
  institution =  {NASA Langley Research Center},
  year =         {2010},
  number =    {NASA/CR-2010-216724},
  month =     {July},
  OPTnote =      {Available at \url{http://ntrs.nasa.gov/search.jsp?R=278742&id=3&as=false&or=false&qs=Ns%3DArchiveName%257c0%26N%3D4294643047}}
}

@inproceedings{cbmc,
  AUTHOR    = { Clarke, Edmund
                and Kroening, Daniel
                and Lerda, Flavio },
  TITLE     = { A Tool for Checking {ANSI-C} Programs },
  BOOKTITLE = { Tools and Algorithms for the Construction and Analysis of Systems (TACAS) },
  YEAR      = { 2004 },
  PUBLISHER = { Springer },
  PAGES     = { 168--176 },
  SERIES    = { LNCS },
  OPTVOLUME    = { 2988 }
}

@InProceedings{rvRushby,
  author =       {John Rushby},
  title =        {Runtime Certification},
  OPTcrossref =  {},
  OPTkey =       {},
  booktitle = {Eighth Workshop on Runtime Verification (RV08)},
  pages =     {21--35},
  year =      {2008},
  OPTeditor =    {},
  volume =    {5289},
  OPTnumber =    {},
  series =    {LNCS}
}

% ----------------------------------
%
% ---------------------------------
@Book{lynch,
  author =    {Nancy A. Lynch},
  ALTeditor =    {},
  title =        {Distributed Algorithms},
  publisher =    {Morgan Kaufmann},
  year =         {1996}
}

@Article{lamport95byzantine,
  author =       {L. Lamport and R. Shostak and M. Pease},
  title =        {The {Byzantine} Generals Problem},
  journal =      {ACM Transactions on Programming Languages and Systems},
  year =         {1982},
  OPTkey =       {},
  volume =    {4},
  Tnumber =    {3},
  pages =     {382--401},
  month =     {July},
  OPTnote =      {},
  OPTannote =    {},
  Optnote = {Available at \url{http://citeseer.nj.nec.com/lamport82byzantine.html}}
}

@InProceedings{laprie,
  author =       {Jean-Claude Laprie},
  title =        {Dependability---Its Attributes, Impairments and Means},
  OPTcrossref =  {},
  OPTkey =       {},
  booktitle = {Predictability Dependable Computing Systems},
  pages =     {3--24},
  year =      {1995},
  OPTeditor =    {B. Randell and J.-C. Laprie and H. Kopetz and B. Littlewood},
  OPTvolume =    {},
  OPTnumber =    {},
  OPTseries =    {{ESPRIT} Basic Research Series},
  OPTaddress =   {},
  OPTmonth =     {},
  OPTorganization = {},
  publisher = {Springer},
  OPTnote =      {},
  OPTannote =    {}
}


@article{butler,
 author = {Butler, R. W. and Finelli, G. B.},
 title = {The Infeasibility of Quantifying the Reliability of Life-Critical Real-Time Software},
 journal = {IEEE Transactions on Software Engineering},
 volume = {19},
 issue = {1},
 month = {January},
 year = {1993},
 pages = {3--12},
 publisher = {IEEE Press}
} 

@inproceedings{msc,
 author = {Kr\"{u}ger, Ingolf H. and Meisinger, Michael and Menarini, Massimiliano},
 title = {Runtime verification of interactions: from {MSCs} to aspects},
 booktitle = {International Conference on Runtime Verification},
 year = {2007},
 pages = {63--74},
 publisher = {Springer}
} 

@article{l4,
  author =  {Gerwin Klein 
  and June Andronick
  and Kevin Elphinstone 
  and Gernot Heiser	 
  and David Cock
  and Philip Derrin
  and Dhammika Elkaduwe
  and Kai Engelhardt
  and Rafal Kolanski
  and Michael Norrish
  and Thomas Sewell
  and Harvey Tuch
  and Simon Winwood},
  title =        {{seL4}: Formal Verification of an {OS} Kernel},
  journal =      {Communications of the ACM (CACM)},
  publisher =    {ACM},
  year =         {2010},  
  month =        jun,
  pages =        {107--115},
  volume =       53, 
  number =       6
}



%------------------------
%  Time Triggered
% ------------------------



@Book{kopetz,
  author =    {Hermann Kopetz},
  ALTeditor =    {},
  title =        {Real-Time Systems},
  publisher =    {Kluwer Academic Publishers},
  year =         {1997},
  series =    {The Kluwer International Series in Engineering and Computer Science}

}



@inproceedings{ttethernet,
 author = {Kopetz,, Hermann},
 title = {The Rationale for Time-Triggered Ethernet},
 booktitle = {Real-Time Systems Symposium (RTSS)},
 year = {2008},
 pages = {3--11},
 publisher = {IEEE}
 }


%---------
@book{Haskell98,
  editor = {Simon Peyton Jones},
  howpublished = {PDF},
  pages = 277,
  publisher = {http://haskell.org/},
  title = {{H}askell 98 Language and Libraries: The Revised Report},
  type = {Language Definition},
  year = 2002
}
%  url = {http://haskell.org/definition/haskell98-report.pdf},

@InProceedings{FriedmanW76,
  author = 	 {D. Friedman and D. Wise},
  title = 	 {{CONS Should Not Evaluate its Argument}},
  booktitle = {Automata, Languages and Programming},
  pages = 	 {256--284},
  year = 	 {1976},
  publisher = {University of Edinburgh Press}
}

% -------
@techreport{ISO:C99,
  author = {ISO},
  editor = {WG14},
  note = {ISO/IEC 9899:1999 draft},
  title = {{ISO C} Standard},
  url = {http://www.open-std.org/jtc1/sc22/wg14/www/docs/n1124.pdf},
  year = 1999,
}

@inproceedings{driscoll,
  author    = {K. Driscoll and
               B. Hall and
               H{\aa}kan Sivencrona and
               P. Zumsteg},
  booktitle     = {Computer Safety, Reliability, and Security, 22nd International
               Conference, {SAFECOMP}},
  title     = {Byzantine Fault Tolerance, from Theory to Reality},
  year      = {2003},
  pages     = {235-248},
  publisher = {Springer}
}


@INPROCEEDINGS{qc1,
    author = {Koen Claessen and John Hughes},
    title = {Testing Monadic Code with {QuickCheck}},
    booktitle = {In Proc. ACM SIGPLAN workshop on Haskell},
    year = {2002},
    pages = {65--77}
}

@phdthesis{miner,
 author = {Miner, Paul},
 note = {Adviser-Johnson, Steven D.},
 title = {Hardware verification using coinductive assertions},
 year = {1998},
 school = {Indiana University, Bloomington}
 }

% publisher = {Indiana University, Bloomington}


@InProceedings{DwyerDE08,
  author = 	 {M.B. Dwyer and M. Diep and S. Elbaum},
  title = 	 {Reducing the Cost of Path Property Monitoring Through Sampling},
  booktitle = {Proceedings of the 23rd International Conference on Automated Software Engineering},
  pages = 	 {228--237},
  year = 	 {2008}
}


@article{LennartMS08,
 author = {L.  Augustsson and H. Mansell and G. Sittampalam},
 title = {{Paradise:} a two-stage {DSL} embedded in {H}askell},
 journal = {SIGPLAN Not.},
 volume = {43},
 number = {9},
 year = {2008},
 issn = {0362-1340},
 pages = {225--228},
  publisher = {ACM},
 address = {New York, NY, USA},
 }


@InProceedings{feldspar,
  author = 	 {E. Axelsson and K. Claessen and G.  Dévai and Z.  Horváth and K.  Keijzer and B.  Lyckegård and A.  Persson and  M. Sheeran
and J.  Svenningsson and A. Vajda},
  title = 	 {{Feldspar:} A Domain Specific Language for Digital Signal Processing algorithms},
 booktitle = {8th ACM/IEEE Int. Conf. on Formal Methods and Models for Codesign},
 year = 	 {2010}
}

@Misc{scade,
   author = 	 {Esterel Technologies},
  OPTtitle = 	 {},
  note = 	 {\url{http://www.esterel-technologies.com/technology/success-stories/airbus}}

}




@InProceedings{SammapunLS0R7,
  author =       {U. Sammapun and I. Lee and O. Sokolsky and J. Regehr},
  title =        {Statistical Runtime Checking of Probabilistic Properties},
  booktitle = {{RV'07}: Proceedings of Runtime Verification},
  pages =        {164--175},
  year =         {2007},
  series =       {LNCS}
}




%---------------
@InProceedings{FishmeisterL09,
  author = 	 {S. Fishmeister and P. Lam},
  title = 	 {On Time-Aware Insrumentation of Programs},
    booktitle = {{RTAS'09: 15h IEEE Real-Time and Embedded Technology and Application Symposium} },
  OPTpages = 	 {},
  year = 	 {2009}
  }


@InProceedings{ZhuDG10,
  author = 	 {H. Zhu and M. Dwyer and S. Goddard},
  title = 	 {Predictable Runtime Monitoring},
  booktitle = {ECRTS'09: 21st Euromicro Conference on Real-Time Systems},
  pages = 	 {173--183},
  year = 	 {2009}
 }




----------------
IVHM papers
---------------

@inproceedings{FTRTFT,
	AUTHOR = {John Rushby},
	TITLE = {An Overview of Formal Verification for the Time-Triggered Architecture},
	BOOKTITLE = {Formal Techniques in Real-Time and Fault-Tolerant Systems},
	PAGES = {83--105},
	SERIES = {Lecture Notes in Computer Science},
	PUBLISHER = {Springer-Verlag},
	VOLUME = 2469,
	EDITOR = {Werner Damm and Ernst-R\"{u}diger Olderog},
	ADDRESS = {Oldenburg, Germany},
	YEAR = 2002, 
	MONTH = {{September}}
}


@Article{Ofsthun02,
  author = 	 {S. Ofsthun},
  title = 	 {Integrated Vehicle Health Management for Aerospace Platforms},
  journal = 	 {IEEE Instrumentation and Measurement Magazine},
  year = 	 {2002},
  OPTvolume = 	 {},
  pages = 	 {21--24},
  month = 	 {{September}}
}



@InProceedings{Schwabacher02,
  author = 	 {M. Schwabacher and J. Samuels and L. Brownston},
  title = 	 {The {NASA} Integrated Vehicle Health Management Technology Experiment for the {X}-37},
  booktitle = {Proceedings of the  {SPIE} AeroSense 2002 Symposium},
  OPTpages = 	 {},
  year = 	 {2002},
organization = {Society of Photo-Optical Instrumentation Engineers}
}


 @inproceedings{Karsai06,
 author = {Karsai,, Gabor and Biswas,, Gautam and Abdelwahed,, Sherif and Mahadevan,, Nag and Manders,, Eric},
 title = {Model-Based Software Tools for Integrated Vehicle Health Management},
 booktitle = {SMC-IT '06: Proceedings of the 2nd IEEE International Conference on Space Mission Challenges for Information Technology},
 year = {2006},
 isbn = {0-7695-2644-6},
 pages = {435--442},
publisher = {IEEE Computer Society}
}


@Misc{NRC06,
  author = 	 {National Research Council},
  title = 	 {Decadal Survey of Civil Aeronautics},
  howpublished = {National Academies Press},
  year = 	 {2006}
}

------------------------------------------------------------

NASA reports and papers.

--------------------------------------------------------------
@TechReport{GM08,
  author = {A. Goodloe and C. Mu{\~{n}}oz},
  title = "Design and Verification of {AirSTAR}'s Communication Protocol",
  institution = {{NASA} {L}angley {R}esearch {C}enter},
  year = "2009",
  number = {{NASA/CR}-2009-215703}
}




@TechReport{butler-faults,
  author =       {Ricky W. Butler},
  title =        {A Primer on Architectural Level Fault Tolerance},
  institution =  {NASA Langley Research Center},
  year =         {2008},
  number =       {{NASA/TM}-2008-215108},
  Optnote =      {Available at \url{}},
  OPTannote =    {}
}



@inproceedings{AirSTAR,
        author = "R. Bailey and R. Hostetler and K. Barnes and C. Belcastro and C. Belcastro",
        title = "Experimental Validation Subscale Aircraft Ground Facilities and Integrated Test Capability",
        booktitle = "Proceedings of the AIAA Guidance Navigation, and Control Conference and Exhibit 2005",
        address = "San Francisco, California",
        year = "2005"
}

@article{omissive,
 author = {Azadmanesh,, M. H. and Kieckhafer,, R. M.},
 title = {Exploiting Omissive Faults in Synchronous Approximate Agreement},
 journal = {IEEE Transactions on Computers},
 volume = {49},
 number = {10},
 year = {2000},
pages = {1031--1042},
publisher = {IEEE Computer Society}
}

@InProceedings{spider_abstractions,
  author =    {Lee Pike and Jeffrey Maddalon and Paul Miner and Alfons Geser},
  title =     {Abstractions for Fault-Tolerant Distributed System Verification},
  booktitle = {Theorem Proving in Higher Order Logics ({TPHOL}s)},
  year =      {2004},
  pages =     {257--270},
  editor =    {Konrad Slind and Annette Bunker and Ganesh Gopalakrishnan},
  volume =    {3223},
  series =    {Lecture Notes in Computer Science},
  publisher = {Springer},
  note =      {Available at \url{http://www.cs.indiana.edu/~lepike/pub_pages/abstractions.html}}}

@inproceedings{pike_johnson:emsoft,
  author = {Lee Pike and Steven D. Johnson},
  title = {The formal verification of a reintegration protocol},
  booktitle = {EMSOFT '05: Proceedings of the 5th ACM international conference on Embedded software},
  year = {2005},
  pages = {286--289},
  location = {Jersey City, NJ, USA},
  publisher = {ACM Press},
  address = {New York, NY, USA},
  note = {Available at \url{http://www.cs.indiana.edu/~lepike/pub_pages/emsoft.html}}}

@InProceedings{brown_pike_06,
  author =    {Geoffrey M. Brown and Lee Pike},
  title =     {Easy parameterized verification of biphase mark and {8N1} protocols},
  booktitle = {The Proceedings of the 12th International Conference on Tools and the 
               Construction of Algorithms ({TACAS'06})},
  year =      {2006},
  publisher = {Springer},
  series    = {Lecture Notes in Computer Science},
  volume    = {3920},
  pages =     {58--72},
  note =      {Available at \url{http://www.cs.indiana.edu/~lepike/pub_pages/bmp.html}}}

@inproceedings{SAL2,
	AUTHOR = {Leonardo de Moura and Sam Owre and Harald Rue{\ss} and John Rushby
		and N. Shankar and Maria Sorea and Ashish Tiwari},
	TITLE = {{SAL 2}},
	PAGES = {496--500},
	BOOKTITLE = {Computer-Aided Verification, {CAV} 2004},
        EDITOR = {Rajeev Alur and Doron Peled},
	SERIES = {Lecture Notes in Computer Science},
	PUBLISHER = {Springer-Verlag},
        VOLUME = 3114,
	ADDRESS = {Boston, MA},
	MONTH = jul,
	YEAR = 2004
}


@article{pike_tse06,
 author    = {Lee Pike},
 title     = {A Note on Inconsistent Axioms in {R}ushby's "Systematic Formal Verification for Fault-Tolerant Time-Triggered Algorithms"},
 journal   = {IEEE Transactions on Software Engineering},
 volume    = {32},
 number    = {5},
 month     = {{M}ay},
 year      = {2006},
 pages     = {347--348},
 publisher = {IEEE Computer Society},
 note      = {Available at \url{http://www.cs.indiana.edu/~lepike/pub_pages/time_triggered.html}}}

@inproceedings{brown_pike:memocode,
  author = {Geoffrey Brown and Lee Pike},
  title = {Temporal Refinement Using SMT and Model Checking with an Application to Physical-Layer Protocols},
  booktitle = {Proceedings of Formal Methods and Models for Codesign (MEMOCODE'2007)},
  year = {2007},
  pages = {171--180},
  location = {Nice, France},
  publisher = {OmniPress},
  note = {Available at \url{http://www.cs.indiana.edu/~lepike/pub_pages/refinement.html}}}

@PhdThesis{pfeifer,
  author =       {Holger Pfeifer},
  title =        {Formal Analysis of Fault-Tolerant Algorithms in the Time-Triggered Architecture},
  school =       {Universit\"at Ulm},
  year =         {2003},
  OPTkey =       {},
  OPTtype =      {},
  OPTaddress =   {},
  OPTmonth =     {},
  note =      {Available at \url{http://www.informatik.uni-ulm.de/ki/Papers/pfeifer-phd.html}},
  OPTannote =    {}
}


@techreport{minerclocksync,
 author = {Paul~S. Miner},
 title = {Verification of Fault-Tolerant Clock Synchronization Systems},
 year = {1993},
 institution = {{NASA Langley Research Center}},
 note = {Available at \url{http://techreports.larc.nasa.gov/ltrs/refer/1993/rdp3349.tex.refer.html}},
 publisher = {{NASA Langley Technical Report Server}}
 }

@InCollection{cardAbstractions,
  author = 	 {Luca Cardelli},
  title = 	 {Abstractions for Mobile Computation},
  booktitle = 	 {Secure Internet Programming: Security Issues for Mobile and Distributed Objects},
  OPTcrossref =  {},
  OPTkey = 	 {},
  pages = 	 {51--94},
  publisher = {Springer},
  year = 	 {1999},
  editor = 	 {Jan Vitek and Christian Jensen},
  volume = 	 {1603},
  OPTnumber = 	 {},
  series = 	 {Lecture Notes in Computer Science},
  OPTtype = 	 {},
  OPTchapter = 	 {},
  OPTnote = 	 {}
}


@TechReport{butcs,
  author =       {Ricky W. Butler},
  title =        {A survey of provably correct fault-tolerant clock synchronization techniques},
  institution =  {{NASA Langley Research Center}},
  year =         {1988},
  OPTkey =       {},
  OPTtype =      {},
  number =    {{NASA-TM}-100553},
  OPTaddress =   {},
  month =     {{February}},
  OPTnote =      {},
  OPTannote =    {}
}


@article{Rushby99,
    AUTHOR = {John Rushby},
    TITLE = {Systematic Formal Verification for Fault-Tolerant Time-Triggered Algorithms},
    JOURNAL = {{IEEE} Transactions on Software Engineering},
    VOLUME = {25},
    NUMBER = {5},
    YEAR = {1999},
    PAGES = {651--660},
    MONTH = {{S}eptember},
    OPTNOTE = {Available at \url{http://www.csl.sri.com/papers/tse99/}}
}



@inproceedings{fmcad07,
  author = {Lee Pike},
  title = {Modeling Time-Triggered Protocols and Verifying Their Real-Time Schedules},
  booktitle = {{FMCAD'07}: Proceedings of Formal Methods in Computer Aided Design},
  year = {2007},
  pages = {231--238},
  publisher = {IEEE},
  note = {Available at \url{http://www.cs.indiana.edu/~lepike/pub_pages/fmcad.html}.  Best Paper Award.}
}


@inproceedings{Tha88:RDSS,
TITLE = {Interactive Consistency With Multiple Failure Modes},
AUTHOR = {Philip Thambidurai and You-Keun Park},
BOOKTITLE = {7th Reliable Distributed Systems Symposium},
PAGES = {93-100},
MONTH = {{October}},
YEAR = 1988
}

@Article{Davies&Wakerly,
  author = 	 {Daniel Davies and John F. Wakerly},
  title = 	 {Synchronization and Matching in Redundant Systems},
  journal = 	 {{IEEE} Transactions on Computers},
  year = 	 {1978},
  OPTkey = 	 {},
  volume = 	 {27},
  number = 	 {6},
  pages = 	 {531--539},
  month = 	 {{J}une},
  OPTnote = 	 {},
  OPTannote = 	 {}
}


@PhdThesis{latron,
  author =       {Elizabeth Ann Latronico},
  title =        {Reliability Validation of Group Membership Services for {X}-by-Wire Protocols},
  school =       {Carnegie Mellon University},
  year =         {2005},
  OPTkey =       {},
  OPTtype =      {},
  OPTaddress =   {},
  month =     {{M}ay},
  note =      {Available at \url{http://www.ece.cmu.edu/~Ekoopman/thesis/latronico.pdf}},
  OPTannote =    {}
}

@inproceedings{crc1,
author = {Michael Paulitsch and Jennifer Morris and Brendan Hall and Kevin Driscoll and Elizabeth Latronico and Philip Koopman},
title = {Coverage and the Use of Cyclic Redundancy Codes in Ultra-Dependable Systems},
booktitle ={DSN '05: Proceedings of the 2005 International Conference on Dependable Systems and Networks},
year = {2005},
pages = {346--355},
publisher = {IEEE Computer Society}
}

@article{piketse06,
 author    = {Lee Pike},
 title     = {A Note on Inconsistent Axioms in Rushby's "Systematic Formal Verification for Fault-tolerant Time-Triggered Algorithms"},
 journal   = {IEEE Transactions on Software Engineering},
 volume    = {32},
 number    = {5},
 month     = {{M}ay},
 year      = {2006},
 pages     = {347--348},
 publisher = {IEEE Computer Society},
 note      = {Available at \url{http://www.cs.indiana.edu/~lepike/pub_pages/time_triggered.html}}}


@InProceedings{bevier91proof,
  author = "W. Bevier and W. Young",
  title = "The proof of correctness of a fault-tolerant circuit design",
	booktitle = {Second {IFIP} Conference on Dependable Computing For Critical
    Applications},
  year = "1991",
  note = "Available at \url{http://citeseer.ist.psu.edu/bevier91proof.html}"},
	OPTcrossref =  {},
	OPTkey = 			 {},
	pages = 		 {107--114},
	year = 		 {1991},
	month = 		 {{February}},
	OPTannote = 	 {}
}


@inproceedings{crc2,
 author = {Koopman, Philip and Chakravarty, Tridib},
 title = {Cyclic Redundancy Code ({CRC}) Polynomial Selection For Embedded Networks},
 booktitle = {DSN '04: Proceedings of the 2004 International Conference on Dependable Systems and Networks},
 year = {2004},
pages = {145},
 publisher = {IEEE Computer Society}
}


@techreport{bigfaa,
    AUTHOR = {John Rushby},
    TITLE = {Formal Methods and Digital Systems Validation for Airborne Systems},
    INSTITUTION = {{NASA}},
    YEAR = {1993},
    NUMBER = {CR--4551},
    MONTH = {{December}}
}

@Article{cristian,
  author =       {Flaviu Cristian},
  title =        {Understanding Fault-Tolerant Distributed Systems},
  journal =      {Communications of the ACM},
  year =         {1991},
  OPTkey =       {},
  volume =    {34},
  number =    {2},
  OPTpages =     {},
  month =     {{February}},
  OPTnote =      {},
  OPTannote =    {}
}




@inproceedings{Cas99,
  author = "Miguel Castro and Barbara Liskov",
  title = "Practical {Byzantine} Fault Tolerance",
  booktitle = "ACM Proceedings: Operating Systems Design and
      Implementation (OSDI)",
  year = 1999,
  pages = "173--186",
  month = {{February}},
  }

@InProceedings{laprie,
  author =       {Jean-Claude Laprie},
  title =        {Dependability---Its Attributes, Impairments and Means},
  OPTcrossref =  {},
  OPTkey =       {},
  booktitle = {Predictability Dependable Computing Systems},
  pages =     {3--24},
  year =      {1995},
  editor =    {B. Randell and J.-C. Laprie and H. Kopetz and B. Littlewood},
  OPTvolume =    {},
  OPTnumber =    {},
  series =    {{ESPRIT} Basic Research Series},
  OPTaddress =   {},
  OPTmonth =     {},
  OPTorganization = {},
  publisher = {Springer},
  OPTnote =      {},
  OPTannote =    {}
}


@Book{lynch,
  author =    {Nancy A. Lynch},
  ALTeditor =    {},
  title =        {Distributed Algorithms},
  publisher =    {Morgan Kaufmann},
  year =         {1996}
}

@Book{jackson,
  ALTauthor =    {},
  editor =    {Daniel Jackson and Martyn Thomas and Lynette I. Millett},
  title =        {Software for Dependable Systems:  Sufficient Evidence},
  publisher =    {National Academies Press},
  year =         {2007}
 }

@INPROCEEDINGS{rushby09,
	AUTHOR = {John Rushby},
	TITLE = {Software Verification and System Assurance},
	BOOKTITLE = {Seventh International Conference on Software Engineering and Formal Methods ({SEFM})},
	EDITOR = {Dang Van Hung and Padmanabhan Krishnan},
	ADDRESS = {Hanoi, Vietnam},
	ORGANIZATION = {IEEE Computer Society},
	PAGES = {3--10},
	MONTH = nov,
	YEAR = 2009
}

@TechReport{spider_design,
  author =       {Wilfredo Torres-Pomales and Mahyar R. Malekpour and Paul Miner},
  title =        {{ROBUS}-2: A Fault-Tolerant Broadcast Communication System},
  institution =  {{NASA Langley Research Center}},
  year =         {2005},
  OPTkey =       {},
  OPTtype =      {},
  number =    {{NASA/TM}-2005-213540},
  OPTaddress =   {},
  OPTmonth =     {},
  OPTnote =      {},
  OPTannote =    {}
}


@Misc{spider_website,
	OPTkey = 			 {},
	author = 	 {{NASA Formal Methods Group}},
	title = 		 {{SPIDER} Homepage},
	howpublished = {Website},
	OPTmonth = 		 {},
	year = 		 {2004},
	note = 		 {Available at \url{http://shemesh.larc.nasa.gov/fm/spider/}},
	OPTannote = 	 {}
}

@InProceedings{RSPV07,
author={V. Rosset and P. Souto and P. Portugal and F. Vasques},
title={A Reliability Evaluation of a Group Membership Protocol},
booktitle={Proceedings of SAFECOMP 2007},
year={2007},
pages={397-410},
publisher={Springer},
series={LNCS},
volume={4680}
}


@inproceedings{latron2,
 author = {Latronico,, Elizabeth and Miner,, Paul and Koopman,, Philip},
 title = {Quantifying the Reliability of Proven {SPIDER} Group Membership Service Guarantees},
 booktitle = {DSN '04: Proceedings of the 2004 International Conference on Dependable Systems and Networks},
 year = {2004},
 isbn = {0-7695-2052-9},
 pages = {275},
 publisher = {IEEE Computer Society},
 address = {Washington, DC, USA},
 }

@article{koop3,
 author = {Maxino,, Theresa C. and Koopman,, Philip J.},
 title = {The Effectiveness of Checksums for Embedded Control Networks},
 journal = {IEEE Transactions on Dependable and Secure Computing},
 volume = {6},
 number = {1},
 year = {2009},
pages = {59--72},
publisher = {IEEE Computer Society Press}
}


@article{latronico,
author = {Elizabeth Latronico and Philip Koopman},
title = {Design Time Reliability Analysis of Distributed Fault Tolerance Algorithms},
journal ={International Conference on Dependable Systems and Networks},
year = {2005},
pages = {486-495},
publisher = {IEEE Computer Society}
}

@article{liveness,
  author    = {Bowen Alpern and
               Fred B. Schneider},
  title     = {Recognizing Safety and Liveness},
  journal   = {Distributed Computing},
  volume    = {2},
  number    = {3},
  year      = {1987},
  pages     = {117-126}
}


@InProceedings{Dris2,
  author =       {Kevin Driscoll and Brendan Hall and H{\aa}kan Sivencrona and Phil Zumsteg},
  title =        {{Byzantine} Fault Tolerance, from Theory to Reality},
  
  OPTbooktitle = {Computer Safety, Reliability, and Security},
  pages =     {235--248},
  year =      {2003},
  OPTeditor =    {G. Goos and J. Hartmanis and J. van Leeuwen},
  OPTvolume =    {},
  OPTnumber =    {},
  series =    {Lecture Notes in Computer Science},
  OPTaddress =   {},
  month =     {{S}eptember},
  booktitle = {Proceedings of the 22nd International Conference  on
Computer Safety, Reliability and Security {SAFECOMP}},
  publisher = {Springer},
  OPTnote =      {},
  OPTannote =    {}
}

@article{synch12,
  author    = {Albert Benveniste and
               Paul Caspi and
               Stephen A. Edwards and
               Nicolas Halbwachs and
               Paul Le Guernic and
               Robert de Simone},
  title     = {The synchronous languages 12 years later},
  journal   = {Proceedings of the IEEE},
  volume    = {91},
  number    = {1},
  year      = {2003},
  pages     = {64--83}
}



@Misc{spider_vhdl,
  key =       {spider},
  OPTauthor =    {},
  title =     {{SPIDER} Open Source: {ROBUS-2}},
  howpublished = {Webpage},
  OPTmonth =     {},
  year =      {2007},
  note =      {Available at \url{http://opensource.arc.nasa.gov/project/robus-2/}},
  OPTannote =    {}
}


@InProceedings{unified,
  author =    {Paul Miner and Alfons Geser and Lee Pike and Jeffery Maddalon},
  title =     {A Unified Fault-Tolerance Protocol},
  year =      {2004},
  pages =     {167--182},
  booktitle = {Formal Techniques, Modeling and Analysis of Timed and Fault-Tolerant Systems ({FORMATS-FTRTFT})},
  editor =    {Yassine Lakhnech and Sergio Yovine},
  volume =    {3253},
  series =    {LNCS},
  publisher = {Springer},
  note =      {Available at \url{http://www.cs.indiana.edu/~lepike/pub_pages/unified.html}}}



@Book{kopetz,
  author =    {Hermann Kopetz},
  ALTeditor =    {},
  title =        {Real-Time Systems},
  publisher =    {Kluwer Academic Publishers},
  year =         {1997},
  series =    {The Kluwer International Series in Engineering and Computer Science}
 
}





@InProceedings{Powell92,
  author = 	 {D. Powell},
  title = 	 {Failure Mode Assumptions and Assumption Coverage},
  booktitle = {Proceedings of the 22nd International Symposium on Fault Tolerant Computing},
  pages = 	 {386--395},
  year = 	 {1992},
  publisher = {IEEE Press}
  }

%--------------------------------------------------
% FT systems Verif.
%--------------------------------------------------
@article{WalterLincolnSuri97,
        TITLE = {Formally Verified On-Line Diagnosis},
        AUTHOR = {Chris J. Walter and Patrick Lincoln and Neeraj Suri},
        JOURNAL = {IEEE Transactions on Software Engineering},
        PAGES = {684--721},
        VOLUME = 23,
        NUMBER = 11,
        MONTH = nov,
        YEAR = 1997
}

@InProceedings{shin-impossible,
  author =       {K. Shin and P. Ramanathan},
  title =        {Diagnosis of Processors with {B}yzantine Faults in a Distributed Computing System},
  booktitle =    {17th Fault Tolerant Computing Symposium ({FTCS 17})},
  OPTcrossref =  {},
  OPTkey =       {},
  pages =        {55--60},
  year =         {1987},
  OPTeditor =    {},
  OPTvolume =    {},
  OPTnumber =    {},
  OPTseries =    {},
  OPTaddress =   {},
  OPTmonth =     {},
  OPTorganization = {},
  OPTpublisher = {},
  OPTnote =      {},
  OPTannote =    {}
}



%===================================================
%        Monitoring 
%===================================================



% ---------------------------------------
% Monitoring Networks
%----------------------------------------


@Article{BhargavanGKLOSV02,
  author = 	 {K. Bhargavan and C. A. Gunter and M. Kim and I. Lee and
  D. Obradovic and O. Sokolsky and M. Viswanathan},
  title = 	 {Verisim: Formal Analysis of Network Simulations},
  journal = 	 {IEEE Transactions on Software Engineering},
  year = 	 {2002},
  volume = 	 {28},
  number = 	 {2},
  pages = 	 {129--145}
}

@Article{BhargavanCMG01,
  author = 	 {K. Bhargavan and S. Chandra and P. McCann and C.A. Gunter},
  title = 	 {What Packets May Come: Automata for Network Monitoring},
  journal = 	 {SIGPLAN Notices},
  year = 	 {2001},
  volume = 	 {35},
  number = 	 {3},
  pages = 	 {209--219}
}



@Article{BhargavanG02,
  author = 	 { K. Bhargavan and C. A. Gunter},
  title = 	 {Requirement for a Practical Network Event Recognation Language},
  journal = 	 {Electronic Notes in Theoretical Computer Science},
  year = 	 {2002},
  volume = 	 {70},
  number = 	 {4},
  pages = 	 {1--20}
}



@article{ClavelDELMMQ02,
author  = "Manuel Clavel and Francisco Dur\'an and
     Steven Eker and Patrick Lincoln and Narcisco Mart\'{\i}-Oliet
     and Jos\'e Meseguer and Jos\'e Quesada",
title   = "Maude: specification and programming in rewriting logic",
journal = "Theoretical Computer Science",
volume  = "285",
issue   = "2",
pages   = "187--243",
year    = "2002"
}



%-------------------------
% Penn work on MAC
%-------------------------

@InProceedings{LeeKSV99,
  author = 	 {I. Lee and S. Kannan and M. Kim and O. Sokolsky and M. Viswanathan},
  title = 	 {Runtime assurance based on formal specifications},
  booktitle = {International Conference
    on Parallel and Distributed Processing Techniques and Applications},
  pages = 	 {279--287},
  year = 	 {1999} 
 }




@Article{KimLSSS02,
  author = 	 {M. Kim and I. Lee and U. Sammapun and J. Shin and O. Sokolsky},
  title = 	 {Monitoring, Checking, and Steering of Real-Time Systems},
  journal = 	 {Electronic Notes in Theoretical Computer Science},
  year = 	 {2002},
  volume = 	 {70},
  number = 	 {4},
  note = 	 {Proceeding of 2nd International Conference on Runtime Verification}
}



@Article{SokolskySLK05,
  author = 	 {O. Sokolsky and U. Sammapun and I. Lee and J. Kim},
  title = 	 {Run-Time Checking of Dynamic Properties},
  journal = 	 {Electronic Notes in Theoretical Computer Science},
  year = 	 {2005},
  volume = 	 {144},
  number = 	 {4},
  pages = 	 {91--108},
  note = 	 {Proceeding of 5th International Conference on Runtime Verification}
 }


%------------------------------
% Usa's Probabilistic stuff
%------------------------------

@InProceedings{SammapunLS05,
  author = 	 {U. Sammapun and I. Lee and O. Sokolsky},
  title = 	 {{RT-MaC:} Runtime Monitoring and Checking of Quantitative and Probabilistic Properties},
  booktitle = {Proceedings of the 11th IEEE International Conference on Embedded and Real-Time Computing Systems and Applications},
  pages = 	 {147--153},
  year = 	 {2005}
}


@InProceedings{SammapunLS0R7,
  author = 	 {U. Sammapun and I. Lee and O. Sokolsky and J. Regehr},
  title = 	 {Statistical Runtime Checking of Probabilistic Properties},
  booktitle = {{RV'07}: Proceedings of Runtime Verification},
  pages = 	 {164--175},
  year = 	 {2007},
  series = 	 {Lecture Notes in Computer Science 4839}
}



%--------------------------------------------------------------------
% Rosu  general and MOP
%-------------------------------------------------------------------



@Article{HavelundR04A,
  author = 	 {K. Havelund and G. Ro\c{s}u},
  title = 	 {An Overview of the Runtime Verification Tool {J}ava {P}ath{E}xplorer},
  journal = 	 {Formal Methods in System Design},
  year = 	 {2004},
  volume = 	 {24},
  number = 	 {2},
  pages = 	 {189--215}
}

@Article{HavelundR04B,
  author = 	 {K. Havelund and G. Ro\c{s}u},
  title = 	 {Efficient Monitoring of Safety Properties},
  journal = 	 {International Journal on Software Tools for  Technology Transfer },
  year = 	 {2004},
    volume = 	 {6},
  number = 	 {2},
  Tpages = 	 {158--173}
}





@InProceedings{ChenAR04,
  author = 	 {F. Chen and M. D'Amorim and G. Ro\c{s}u},
  title = 	 {A Formal Monitoring-Base Framewrok for Software Development Analysis},
  booktitle = {Proceedings of the 6th International Conference on Formal Engineering Methods (ICFEM'04)},
  pages = 	 {357--373},
  year = 	 {2004},
  number = 	 {3308},
  series = 	 {Lecture Notes on Computer Science},
  publisher = {Springer-Verlag}
  }


@InProceedings{ChenR07,
  author = 	 {F. Chen and G. Ro\c{s}u},
  title = 	 {{MOP:} An Efficient and Generic Runtime Verification Framework},
    booktitle = {Object Oriented Programming, Systems, Languages, and Applications},
  pages = 	 {569--588},
  year = 	 {2007}
}

%-------------------------------------------------------
% Rosu Generating Monitors
%-------------------------------------------------------
@InProceedings{HavelundR02,
    author = {K. Havelund and G. Rosu},
    title = {Synthesizing Monitors for Safety Properties},
    booktitle = {Tools and Algorithms for Construction and Analysis of Systems},
    pages = {342-356},
    year = {2002}
}



@InProceedings{RosuCB08,
  author = 	 {G. Rosu and F. Chen and T. Ball},
  title = 	 {Synthesizing Monitors for Safety Properties -- This Time With Calls and Returns},
  booktitle = {{RV}'08: Proceedings of Runtime Verification},
  year = 	 {2008},
  note = 	 {To Appear},
  
}

%-------------------------------------------------------
% Rosu Distributed.
%-------------------------------------------------------




%-------------------------------
% LTL and PTLTL
%------------------------------

@Book{MannaP92,
  author = 	 {Z.Manna and A. Pnueli},
  title = 	 {The Temporal Logic of Reactive and Concurrent Systems: Specification},
  publisher = 	 {Springer-Verlag},
  year = 	 {1992}
}



@INPROCEEDINGS{LaroussinieMS02,
    author = {F. Laroussinie and N. Markey and P. Schnoebelen},
    title = {Temporal Logic with Forgettable Past},
    booktitle = {LICS’02: Proceeding of Logic in Computer Science 2002},
    year = {2002},
    pages = {383--392},
    publisher = {IEEE Computer Society Press}
}
% -------------------------------------------------
% Munich 
% ------------------------------------------------
@inproceedings{BauerLS06,
  author =	 {A. Bauer and M. Leucker and C. Schallhart},
  title =	 {Model-based runtime analysis of distributed reactive systems},
  booktitle =	 {Proceedings of the 2006 Australian Software Engineering Conference (ASWEC)},
  year =	 {2006},
  address =	 {Sydney, Australia},
  month =	 {{A}pril},
  publisher =	 {IEEE Computer Society}
  }




@TechReport{ArafatBLS05,
  author = 	 {Oliver Arafat and Andreas Bauer and Martin Leucker and Christian Schallhart},
  title = 	 {Runtime Verification Revisited},
  institution =  {Technical University of Munich},
  year = 	 {2005},
  month = {{O}ctober},
  number = {TUM-I05},
  note = {Available at \url{http://users.rsise.anu.edu.au/~baueran/publications/tum-i0518.ps.gz}}
}



%---------------------
%
%---------------------




@InProceedings{BarringerGHS04,
  author = 	 {H. Barringer and  A. Goldberg  and K. Havelund and  K. Sen},
  title = 	 {Rule-Based Runtime Verification},
  booktitle = 	 {Verification, Model Checking, and Abstract Interpretation (VMCAI)},
  year = 	 {2004},
  series = {LNCS},
  number = 	 {2937},
  publisher = {Springer-Verlag}
  }

@InProceedings{BarringerRH07,
  author = 	 {H. Barringer and D. Rydeheard and K.  Havelund},
  title = 	 {Rule systems for run-time monitoring: From Eagle to Ruler},
 booktitle = { {RV}07: Proceedings of Runtime Verification  2007},
 pages = 	 {111--125},
 year = 	 {2007},
 number = 	 {4839},
  series = 	 {Lecture Notes in Computer Science},
  publisher = {Springer-Verlag}
}





@InProceedings{Havelund08,
  author = 	 {K. Havelund},
  title = 	 {Runtime Verification of {C} Programs},
  booktitle = {{T}est{C}om/{FATES}},
  OPTpages = 	 {},
  year = 	 {2008},
  number = 	 {5047},
  series = 	 {Lecture Notes in Computer Science},
  publisher = {Springer-Verlag}
}

%------------------------
% Monitoring bus of Mac protocol
% -------------------------



@Article{DiazJC94,
  author = 	 {M. Diaz and G. Juanole and J. Courtiat},
  title = 	 {Observer-A Concept for Formal On-Line Validation of Distributed Systems},
  journal = 	 {IEEE Transactions of Software Engineering},
  year = 	 {1994},
  volume = 	 {20},
  number = 	 {12},
  pages = 	 {900-913}
}


%---------------------------------------
% Real-Time
% ------------------------------------
@inproceedings{SavorS97,
    author = {T. Savor and R. Seviora},
    title = {An Approach to Automatic Detection of Software Failures in Real-Time Systems},
    booktitle = {IEEE Real-Time Technology and Applications  Symposium},
    pages = {136--147},
    year = {1997}
   }

@inproceedings{mokL97,
    author = {A. Mok and G. Liu},
    title = {Efficient Run-Time Monitoring of Timing Constraints},
    booktitle = {IEEE Real-Time Technology and Applications Symposium},
    pages = {252--262},
    year = {1997}
   }



@TechReport{spider-hirf,
  author =       {Wilfredo Torres-Pomales and Mahyar R. Malekpour and Paul S. Miner and Sandra V. Koppen},
  title =        {Plan for the Characterization of {HIRF} Effects on 
a Fault-Tolerant Computer Communication 
System},
  institution =  {{NASA Langley Research Center}},
  year =         {2008},
  OPTkey =       {},
  OPTtype =      {},
  number =    {{NASA/TM-20NASA/TM-2008-215306}},
  OPTaddress =   {},
  month =     {{M}ay},
  note =      {Available at \url{http://ntrs.nasa.gov/archive/nasa/casi.ntrs.nasa.gov/20080021358_2008020785.pdf}},
  OPTannote =    {}
}

@article{Johnson-03
, author = {Steven D. Johnson}
, title = {Formal methods in embedded design}
, journal = {Computer}
, volume = {36}
, issue = {11}
, pages = {104--106}
, year = {2003}
, month = {{November}}
, comment = {{\em Embedded Computing} column, edited by W.~Wolf}
}



@PhdThesis{Lee05,
  author = 	 {C. Lee},
  title = 	 {Monitoring and Timing Constraints and Streaming Events with 
Temporal Uncertainties},
  school = 	 {University of Texas},
  year = 	 {2005}
}

@inproceedings{old-fashioned,
 author = {Mart\'{\i}n Abadi and Leslie Lamport},
 title = {An Old-Fashioned Recipe for Real Time},
 booktitle = {Proceedings of the Real-Time: Theory in Practice, REX Workshop},
 year = {1992},
 pages = {1--27},
 publisher = {Springer-Verlag}
 }
  
@article{fidge,
 author = {Colin Fidge},
 title = {Fundamentals of Distributed System Observation},
 journal = {IEEE Software},
 volume = {13},
 number = {6},
 year = {1996},
 pages = {77--83},
 publisher = {IEEE Computer Society Press}
 }


@article{lamport-clocks,
	author = {Lamport, Leslie},
	journal = {Commun. ACM},
	month = {{J}uly},
	number = {7},
	pages = {558--565},
	priority = {2},
	publisher = {ACM Press},
	title = {Time, clocks, and the ordering of events in a distributed system},
	volume = {21},
	year = {1978}
}


% ------------------------------------
% RT 
%-------------------------------------


@inproceedings{PellizzoniCR08B,
 author = {Pellizzoni,, Rodolfo and Meredith,, Patrick and Caccamo,, Marco and Rosu,, Grigore},
 title = {Hardware Runtime Monitoring for Dependable {COTS}-Based Real-Time Embedded Systems},
 booktitle = {RTSS '08: Proceedings of the 2008 Real-Time Systems Symposium},
 year = {2008},
pages = {481--491},
publisher = {IEEE Computer Society},
 address = {Washington, DC, USA},
 }


%--------------------------------------
% Early monitoring and replay papers.
%--------------------------------------

@Article{TsaiFCB90,
  author =       {J. Tsai and K. Fang and H. Chen and Y. Bi},
  title =        {A Noninterference Monitoring and Replay Mechanism for
Real-Time Software Testing and Debugging},
  journal =      {IEEE Transactions on Software Engineering},
  year =         {1990},
  volume =       {16},
  number =       {8},
  pages =        {897--916}
}



@Article{DoddR92,
    author =  {P. Dodd and C. Ravishankar},
    title =  {Monitoring and Debugging Distributed Real-time Programs},
    journal = {Software - Practice and Experience},
    volume = {22},
    number = {10},
    pages = {863--877},
    year = {1992}
}

@InProceedings{ChodrowJD91,
  author = 	 {S. Chodrow and F. Jahanian and M. Donner},
  title = 	 {RunTime Monitoring of Real-Time Systems},
  booktitle = {IEEE Real-Time Systems Symposium},
  pages = 	 {74--83},
  year = 	 {1991}
 }


@Article{JahanianRR94,
 author = 	  {F. Jahanian and R. Rajkumar and S. Raju},
 title = 	 {Run-Time Monitoring of Timing Constraints in Distributed Real-Time Systems},
 journal = 	 {Real-Time Systems Journal},
 year = 	 {1994},
 volume = 	 {7},
 number = 	 {2},
 pages = 	 {247--273}
}



@Article{SankarM93,
  author = 	 {S. Sankar and M. Mandal},
  title = 	 {Concurrent Runtime Monitoring of Formally Specificed Programs},
  journal = 	 {IEEE Computer},
  year = 	 {1993},
  volume = 	 {26},
  number = 	 {3},
  pages = 	 {32--41}
}

%--------------------------------------------------------
% General Overview
%--------------------------------------------------------

@INBOOK{ColinM05,
AUTHOR =       {Severine Colin and Leonardo Mariani},
TITLE =        {Model-based Testing of Reactive Systems},
CHAPTER =      {Run-time Verification},
pages =        {525-556},
PUBLISHER =    {Springer Verlag},
YEAR =         {2005},
volume =       {3472},
series =       {LNCS},
}
%editor =       {Manfred Broy and Bengt Jonsson and Joost-Pieter Katoen and Martin Leucker and Alexander Pretschner},



@Article{DelgadoGR04,
  author = 	 {N. Delgado and A. Gates and S. Roach},
  title = 	 {A Taxonomy and Catalog of Runtime Monitoring Tools},
  journal = 	 {IEEE Transactions of Software Engineering},
  year = 	 {2004},
  volume = 	 {30},
  number = 	 {12},
  pages = 	 {859--872}
}

@Article{Schroeder95,
  author = 	 {B. Schroeder},
  title = 	 {On-Line Monitoring: A Tutorial},
  journal = 	 {IEEE Computer},
  year = 	 {1995},
  volume = 	 {28},
  number = 	 {6},
  pages = 	 {72--78}
}



@TechReport{Mansouri-SamaniS92,
  author = 	 {M. Mansouri-Samani and M. Sloman},
  title = 	 {Monitoring Distributed Systems (A Survey)},
  institution =  {Imperial College of Science and Technology and Medicine},
  year = 	 {1992},
  type = 	 {Imperial College Research Report},
  number = 	 {DOC92/23}
 }

@Article{LeuckerS08,
  author = 	 {M. Leucker and C. Schallhart},
  title = 	 {A Brief Account of Runtime Verification},
  journal = 	 {Journal of Logic and Algebraic Programming},
  year = 	 {2008},
  OPTkey = 	 {},
  OPTvolume = 	 {},
  OPTnumber = 	 {},
  OPTpages = 	 {},
  OPTmonth = 	 {},
  note = 	 {To Appear}
 }

%----------------------------------------------------------------
@Article{Sha01,
  author = 	 {L. Sha},
  title = 	 {Using Simplicity to Control Complexity},
  journal = 	 {IEEE Software},
  year = 	 {2001},
  volume = 	 {18},
  number = 	 {4},
  pages = 	 {20--28}
  
}


@InProceedings{CrenshawGRSK07,
  author = 	 {T. Crehshaw and E. Gunter and C. Robinson and L. Sha and P Kumar},
  title = 	 {The Simplex Reference Model: Limiting Falt-Propogation due to Unreliabe Components in Cyber-Physical Architectures},
  booktitle = {28th IEEE Real-Time System Symposium},
  OPTpages = 	 {},
  year = 	 {2007}
}

%-----------------------------------------
%
% Shuttle prelaunch incident
%
%-----------------------------------------
%Shuttle


@Misc{FlightRules,
  author =       {{NASA - Johnson Flight Center}},
  title =        {Space Shuttle Operational Flight Rules Volume {A}, {A7-104}},
  month =        {{June}},
  year =         {2002},
  note =         {Available from \url{http://www.jsc.nasa.gov} (Downloaded {Nov} 28, 2008)}
}

@Misc{mdm08,
  author = {Chris Bergin},
  title =        "Faulty {MDM} Removed",
  note     =  {Available at \url{http://www.nasaspaceflight.com/2008/05/sts-124-frr-debate-outstanding-issues-faulty-mdm-removed/}. (Downloaded {Nov 28}, 2008)},
  howpublished = {{NASA Spaceflight.com}},
  month =        {{M}ay 18},
  year =         {2008}
 }


@Misc{mdm08A,
  author = {Chris Bergin},
 title =        "{STS}-126: Super Smooth Endeavor Easing Through the Countdown to {L}-1",
  note =          {Available at \url{http://www.nasaspaceflight.com/2008/11/sts-126-endeavour-easing-through-countdown/}. (Downloaded {Feb} 3, 2009)},
  howpublished = {{NASA} Spaceflight.com},
  month =        {{November 13}},
  year =         {2008}
 }



% -----------------------------------------
% 
% Australian B777 upset incident
%
% ----------------------------------------
@Misc{ATSB07,
  author = 	 {Australian Transport Safety Bureau},
  title = 	 {In-Flight Upset Event 240 {Km} {N}orth-{W}est of {P}erth, {WA} {B}oeing {C}ompany 777-200, 9{M-MRG} 1 {A}ugust 2005 },
  howpublished = {ATSB Transport Safety Investigation Report},
  year = 	 {2007},
  note = 	 {Aviation Occurrace Report - 200503722}
}

@InBook{Bartley01,
  author = 	 {G. Bartley},
  ALTeditor = 	 {C. Spitzer},
  title = 	 {Boeing {B-777:} Fly-By-Wire Flight Controls},
  chapter = 	 {11},
  publisher = 	 {{CRC} Press},
  year = 	 {2001}
  }


@InProceedings{Yeah96,
  author = 	 {Y.C. Yeah},
  title = 	 {Triple-Triple Redundant 777 Primary Flight Computer},
  booktitle = {{IEEE} Aerospace Applications Conference},
  pages = 	 {293--307},
   year = 	 {1996},
   publisher = {{IEEE} Press}
}


@Article{Sheffels93,
  author = 	 {M. Sheffels},
  title = 	 {A Fault-Tolerant Air Data/Inertial Reference Unit},
  journal = 	 {{IEEE AES} Systems Magazine},
  year = 	 {1993},
  month = 	 {March}
}
@InProceedings{JohnsonH07,
  author = 	 {C. Johnson and C. Holloway},
  title = 	 {The Dangers of Failure Masking in Fault-Tolerant Software: Aspects of a Recent In-Flight Upset Event},
 booktitle = {Instituition of Engineering and Technology International Conference on System Safety},
  pages = 	 {60-65},
  year = 	 {2007}
  
}



@InProceedings{rvRushby,
  author =       {John Rushby},
  title =        {Runtime Certification},
  OPTcrossref =  {},
  OPTkey =       {},
  booktitle = {Eighth Workshop on Runtime Verification (RV08)},
  pages =     {21--35},
  year =      {2008},
  OPTeditor =    {},
  volume =    {5289},
  OPTnumber =    {},
  series =    {LNCS},
  OPTaddress =   {},
  OPTmonth =     {},
  OPTorganization = {},
  OPTpublisher = {},
  note =      {Available at \url{http://www.csl.sri.com/users/rushby/abstracts/rv08}},
  OPTannote =    {}
}


@Misc{DO254,
  author = 	 {RTCA Inc.},
  title = 	 {Design Assurance Guidelines for Airborne Electronic Hardware},
 note = {{RCTA/DO254}},
  year = 	 {2000}
  }

%---------------------------------------------
% FAA Handbook
% 
%--------------------------------------------- 



@Misc{FAA2000,
 title = 	 {{FAA} System Handbook},
  month = 	 {December},
  year = 	 {2000},
  note = 	 {Available at \url{http://www.faa.gov/library/manuals/aviation/risk_management/ss_handbook/}}
 }

% ----------------------------------------------
% 
% Australian A330 in-flight incident.
% 
%-----------------------------------------------




@Misc{ATSB08,
  author = {Kerryn Macaulay},
  title = 	 {{ATSB} Preliminary Factual Report, In-Flight Upset, {Q}antas {A}irbus {A330}, 
 154 {K}m {W}est of {L}earmonth, {WA}, 7 {O}ctober 2008},
  howpublished = {Australian Transport Safety Bureau Media Release },
  month = 	 {{November 14}},
  year = 	 {2008},
  note = 	 {Available at \url{http://www.atsb.gov.au/newsroom/2008/release/2008_45.aspx}}
  }

@Misc{ATSB08A,
   author = {{Australian Government}},
   title = 	 {In-Flight Upset 154 {K}m {W}est of {L}earmonth 7 {O}ctober 2008 {VH-QPA} {A}irbus {A330-303}},
  howpublished =  {Australian Transport Safety Bureau Aviation Occurrence Investigation AO-2008-70},
  OPTmonth = 	 {},
  note = {Available at \url{http://www.atsb.gov.au/publications/investigation_reports/2008/AAIR/aair200806143.aspx}},
  year = 	 "2008"
}

% -----------------------------
% PVS, SAL, ect.
%-----------------------------

@INPROCEEDINGS{Rushby07,
	AUTHOR = {John Rushby},
	TITLE = {Just-in-Time Certification},
	BOOKTITLE = {12th IEEE International Conference on the Engineering of Complex Computer Systems ({ICECCS})},
	YEAR = 2007,
	ORGANIZATION = {IEEE Computer Society},
	ADDRESS = {Auckland, New Zealand},
	MONTH = jul,
	PAGES = {15--24},
	NOTE = {Available at \url{http://www.csl.sri.com/~rushby/abstracts/iceccs07}}
}


@INPROCEEDINGS{rushbyrv,
 author = {John Rushby},
 title = {Runtime Certification},
 booktitle = {{RV'08: Proceedings of Runtime Verification, Budapest, Hungary, {M}arch 30, 2008. Selected Papers}},
 year = {2008},
pages = {21--35},
publisher = {Springer-Verlag}
}


@INPROCEEDINGS{detectors,
    author = {Anish Arora and Sandeep S. Kulkarni},
    title = {Detectors and Correctors: A Theory of Fault-Tolerance Components},
    booktitle = {International Conference on Distributed Computing Systems},
    year = {1998},
    pages = {436--443}
}

@inproceedings{ORS92,
  author        = "S. Owre and J. Rushby and N. Shankar",
  title         = {{PVS}: A Prototype Verification System},
  pages         = "748--752",
  year          = 1992,
  month         = jun,
  editor        = "Deepak Kapur",
  booktitle     = cade92,
  series        = lnai,
  volume        = "607",
  publisher     = {Springer-Verlag},
}

@inproceedings{ bernardeschiFGM96,
    author = "Cinzia Bernardeschi and Alessandro Fantechi and Stefania Gnesi and Giorgio Mongardi",
    title = "Proving Safety Properties for Embedded Control Systems",
    booktitle = "European Dependable Computing Conference",
    pages = "321-332",
    year = "1996"
  }



% ------------------------------------------------
%
% -----------------------------------------------



@Book{Stevens94,
  author = 	 {W. Stevens},
  title = 	 {TCP/IP Illustrated, Vol 1: The Protocols},
  publisher = 	 {Addison-Wesley},
  year = 	 {1994}
  }


@Article{ChaochenHR91,
  author = 	 {Z. Chaochen and C.A.R. Hoare and A. Ravn},
  title = 	 {The Duration Calculus},
  journal = 	 {Information Processing Letters},
  year = 	 {1991},
  volume = 	 {40},
  number = 	 {5},
  pages = 	 {269--276}
}


@InProceedings{HeitmeyerJL93,
  author = 	 {C. Heitmeyer and R. Jefford and B. Labaw},
  title = 	 {A Benchmark for Comparing Different Approaches for Specifying and Verifying Real-Time Systems},
  booktitle = {10th International Workshop on Real-Time Operating Systems},
  OPTpages = 	 {},
  year = 	 {1993}
}




%------------------------------------
%Generic formal methods references
%----------------------------------
@InProceedings{Kaufmann96,
  author =      "Matt Kaufmann and J Strother Moore",
  title =       {{ACL2}: An Industrial Strength Version of {N}qthm},
  booktitle =   "Compass'96: Eleventh Annual Conference on Computer
                 Assurance",
  pages =       "23",
  publisher =   "National Institute of Standards and Technology",
  address =     "Gaithersburg, Maryland",
  year =        "1996",
}


  @Book{L:BC04,
  author       = "Bertot, Yves and Cast\'eran, Pierre",
  title        = "Interactive Theorem Proving and Program Development. Coq'Art: The Calculus of Inductive Constructions",
  series       = "Texts in Theoretical Computer Science",
  year         = "2004",
  publisher    = "Springer Verlag",
  url          = "http://www.labri.fr/publications/l3a/2004/BC04"
}


@article{Rushby&vonHenke93,
    AUTHOR = {John Rushby and Friedrich von Henke},
    TITLE = {Formal Verification of Algorithms for Critical Systems},
    JOURNAL = {{IEEE} Transactions on Software Engineering},
    VOLUME = {19},
    NUMBER = {1},
    YEAR = {1993},
    PAGES = {13--23},
    MONTH = {jan},
    URL = {http://www.csl.sri.com/papers/tse93/}
}

@book{HOL:GordonM93,
  editor        = "Michael Gordon and Thomas Melham",
  publisher     =   "Cambridge University Press",
  title         = "Introduction to {HOL}: A theorem proving environment for higher order logic",
  year          = 1993,
}


@Article{JPF,
  author =      "Klaus Havelund and Thomas Pressburger",
  title =       "Model Checking {J}ava Programs Using {J}ava
                 {P}ath{F}inder",
  journal =     "International {J}ournal on {S}oftware {T}ools for
                 {T}echnology {T}ransfer",
  volume =      "2",
  number =      "4",
  month =       apr,
  year =        "1998",
}

@Book{B,
  author =      "J.-R. Abrial",
  title =       "The {B}-Book: Assigning Programs to Meanings",
  publisher =   "Cambridge University Press",
  year =        "1996",
}

@Book{VDM,
  author =      "C. B. Jones",
  title =       "Systematic Software Development using {VDM} (second
                 edition)",
  publisher =   "Prentice Hall",
  year =        "1990",
}

@Book{Z,
  author =      "J. Wordsworth",
  title =       {Software Development with {Z}},
  publisher =   "Addison-Wesley",
  year =        "1992",
  keyword =     "Z, design",
}

@InProceedings{Nec97,
  author =      "G. ~Necula",
  title =       "Proof-{C}arrying {C}ode",
  booktitle =   "Proc. of POPL'97",
  pages =       "106--119",
  year =        "1997",
  publisher =   "ACM Press",
}


@inproceedings{astree,
author = {P{.} Cousot and R{.} Cousot and J{.} Feret and
          L{.} Mauborgne and A{.} Min\'{e} and D{.} Monniaux
          and X{.} Rival},
title =  {The {ASTRÉE} Analyzer},
booktitle =    {ESOP'05},
year =   {2005},
}

@inproceedings{HenzingerJhalaMajumdarSutre2003,
    author = {Thomas A. Henzinger and Ranjit Jhala and Rupak Majumdar
              and Gregoire Sutre},
    title = {Software verification with {BLAST}},
    booktitle = {Proceedings of the 10th International Workshop on
              Model Checking of Software (SPIN)},
    organization = {Lecture Notes in Computer Science 2648,
              Springer-Verlag},
    pages = {235-239},
    year = {2003}
}

 @inproceedings{cade92-pvs,
    AUTHOR = {{S.} Owre and {J.} {M.} Rushby and and {N.} Shankar},
    TITLE = {{PVS:} {A} Prototype Verification System},
    BOOKTITLE = {11th International Conference on Automated Deduction (CADE)},
    YEAR = {1992},
    EDITOR = {Deepak Kapur},
    SERIES = {Lecture Notes in Artificial Intelligence},
    VOLUME = {607},
    PAGES = {748--752},
    ADDRESS = {Saratoga, {NY}},
    MONTH = {jun},
    PUBLISHER = {Springer-Verlag},
    URL = {http://www.csl.sri.com/papers/cade92-pvs/}
}



@Book{Nipkow-Paulson-Wenzel:2002,
  author        = {Tobias Nipkow and Lawrence C. Paulson and Markus Wenzel},
  title         = {Isabelle/HOL --- A Proof Assistant for Higher-Order Logic},
  publisher     = {Springer},
  series        = {LNCS},
  volume        = 2283,
  year          = 2002}


%---------------------------------------------
% Detection of server failures.
%--------------------------------------------


@Article{ChandraT96,
  author = 	 {T. Chandra and S. Toueg},
  title = 	 {Unreliable Failure Detectors for Reliable Distributed Systems},
  journal = 	 {Journal of the ACM},
  year = 	 {1997},
  key = 	 {},
  volume = 	 {43},
  number = 	 {2},
  pages = 	 {225--267}
}

@Article{AlvisiMPR01,
  author = 	 {L. Alvisi and D. Malkhi and E. Pierce and M. Reiter},
  title = 	 {Fault Detection for {B}yzantine Quoroum Systems},
  journal = 	 {IEEE Transaction on Parallel and Distributed Systems},
  year = 	 {2001},
  volume = 	 {12},
  number = 	 {9},
  pages = 	 {996--1007}
}

@Article{KihlstromMM03,
  author = 	 {K. Kihlstrom and L. Moser and P. Melliar-Smith},
  title = 	 {Byzantine Fault Detectors for Solving Consensus},
  journal = 	 {The Computer Journal},
  year = 	 {2003},
  volume = 	 {46},
  number = 	 {1},
  pages = 	 {16--35}
}

@InProceedings{HaeberlenKD06,
  author = 	 {A. Haeberlen and P. Kouznetsov and P. Druschel},
  title = 	 {The Case for {B}yzantine Fault Detection},
  booktitle = {Proceedings of the 2nd conference on Hot Topics in System Dependability},
  OPTpages = 	 {},
  year = 	 {2006}
 }
@INPROCEEDINGS{DoudouS97,
    author = {A. Doudou and A. Schiper},
    title = {Muteness detectors for consensus with {B}yzantine processes},
    booktitle = {Proceedings of the 17th ACM Symposium on Principle of Distributed Computing},
    year = {1997},
    pages = {31--5}
}

@INPROCEEDINGS{MalkhiR97,
    author = {Dahlia Malkhi and Michael Reiter},
    title = {Unreliable intrusion detection in distributed computations},
    booktitle = {CSF'97: Proceedings of the 10th IEEE Computer Security Foundations Workshop 1997},
    year = {1997},
    pages = {116--124}
}

%----------------
% Java Spec
%---------------
@Book{JavaSpec,
  author = 	 {J. Gosling and B. Joy and G. Steele and G. Bracha},
  title = 	 {The {Java} Language Specification.},
  publisher = 	 {Addison-Wesley},
  year = 	 {2005},
  note = 	 {Third Edition}
}





@Book{AbrialBL96,
  editor = 	 {J.-R. Abrial and E. Borger and H. Langmaack},
  title  = 	 {Formal Methods for Industrial Applications: Specifying and Programming the Steam Boiler Control},
  publisher = 	 {Formal Methods for Industrial Applications: Specifying and Programming the Steam Boiler Control},
  year      = 	 {1996}
 }



@inproceedings{paxos,
 author = {Chandra, Tushar D. and Griesemer, Robert and Redstone, Joshua},
 title = {Paxos made live: an engineering perspective},
 booktitle = {PODC '07: Proceedings of the twenty-sixth annual ACM symposium on Principles of distributed computing},
 year = {2007},
 pages = {398--407},
 location = {Portland, Oregon, USA},
 publisher = {ACM}
 }

%-------------------------
% Monitoring metric and other temporal logics 
% ------------------------


@InProceedings{AlurH90,
  author = 	 {R. Alur and T. Henzinger},
  title = 	 {Real time logics: complexity and expressiveness},
  booktitle = {Fifth Annual Symposium on Logic in Computer Science},
  pages = 	 {390-401},
  year = 	 {1990},
  publisher = {IEEE Computer Society Press}
}



@InProceedings{AlurH92,
  author = 	 {R. Alur and T. Henzinger},
  title = 	 {Logics and Models of Real Time: A Survey},
  booktitle = {Real Time Theory and Practice},
  OPTpages  = {},
  year = 	 {1992},
  volume = 	 {Lecture Notes in Computer Science 600},
  publisher = {Springer-Verlag}
  
}

@InProceedings{BasinKMP08,
  author = 	 {D. Basin and F. Klaedtke and S. Muller and B. Pfitzmann},
  title = 	 {Runtime Monitoring of Metric First-Order Temporal Properties},
  booktitle = {Foundations of Software Technology and Theoretical Computer Science},
  pages = 	 {49--60},
  year = 	 {2008},
  editor = 	 {R. Hariharan and M. Mukund and V. Vinay},
  series = 	 {Leibniz International Proceedings in Informatics},
  publisher = {Internationales Begegnungs- und Forschungszentrum fuer Informatik (IBFI), Schloss Dagstuhl, Germany.}

}

@Article{Drusinky06,
  author = 	 {D, Drusinsky},
  title = 	 {On-line Monitoring of Metric Temporal Logic wit Time-Series Constraints Using Alternating Finite Automata},
  journal = 	 {Journal of Universal Computer Science},
  year = 	 {2006},
  volume = 	 {12},
  number = 	 {5},
  pages = 	 {482--498}
  
}



@Article{ThatiR05,
  author = 	 {P. Thati and G. Rosu},
  title = 	 {Monitoring Algorithms for Metric Temporal Logic Specifications},
  journal = 	 {Electronic Notes Theoretical Computer Science},
  year = 	 {2004},
  volume = 	 {113}
}

@InProceedings{MalerNP05,
  author = 	 {O. Maler and D. Nickovic and A. Pnueli},
  title = 	 {Real Time Temporal Logic: Past, Present, Future},
  booktitle = {Formal Modeling and Analysis of Timed Systems},
  pages = 	 {2--16},
  year = 	 {2005},
  volume = 	 {Lecture Notes in Computer Science 3829},
  publisher = {Springer-Verlag}

}


@InProceedings{ColomboPS09,
  author = 	 {C. Colombo and G. Pace and G. Schneider},
  title = 	 {Dynamic Event-Based Runtime Monitoring of  Real-Time and Contextual Properties},
  Tbooktitle = {Runtime Verification 2009},
  pages = 	 {135--149},
  year = 	 {2009},
  volume = 	 {Lecture Notes in Computer Science 5596},
   publisher = {Springer-Verlag}

}

@InProceedings{AngeloSSRM05,

  author = {B. D'Angelo and S. Sankaranarayanan and C. Sánchez and W. Robinson and  Zohar Manna 
           and B. Finkbeiner and H. Spima and S. Mehrotra},
    title = {{LOLA}: Runtime Monitoring of Synchronous Systems},
  booktitle = {12th International Symposium on Temporal Representation adn Reasoning},
  pages = 	 {166-174},
  year = 	 {2005},
  publisher = {IEEE Computer Society Press}

}


@InProceedings{CaspiPHP87,
  author = 	 {P. Caspi and D. Pialiud and N. Halbwachs and J. Plaice},
  title = 	 {{LUSTRE}: a Declratative Language for Programming Synchronous Systems},
  booktitle = {14th Symposium on Principles of Programming Languages},
  OPTpages = 	 {},
   year = 	 {1987}
}


